1904 3216
866 163 1148 206 -68-

916 276 1086 333 Syrus

1193 353 1301 405 Quin
1332 358 1378 396 tu
1411 354 1551 397 animo
1582 355 1694 400 bono
1725 357 1782 401 eS.

902 426 1104 469 Demea

224 497 331 549 Quid
361 498 452 551 hoo,
483 497 655 551 malum,
687 497 973 542 infelicitatis?
1004 515 1167 556 nequeo
1198 502 1303 545 satis
1333 503 1571 556 decernere,
1723 508 1784 562 (5)

111 575 191 615 545
223 571 314 615 Nisi
343 586 410 615 me
441 572 565 615 eredo
596 572 696 615 huic
726 587 817 616 esse
847 573 996 617 natum
1026 575 1099 628 rei,
1131 575 1319 620 ferundis
1348 578 1540 622 miseriis.

221 647 387 689 Primus
417 646 552 690 sentio
583 647 699 690 mala
728 648 894 701 nostra,
926 649 1087 704 primus
1116 650 1296 694 rescisco
1329 653 1484 696 omnia.

222 722 387 765 Primus
416 721 542 776 porro
574 722 797 766 obnuntio:
829 722 953 778 aegre
985 723 1111 777 solus,
1143 725 1178 768 si
1209 725 1311 780 quid
1340 726 1400 779 fit,
1432 726 1532 770 fero.

914 797 1084 854 Syrus

220 870 352 913 Rideo
383 871 514 913 hunc:
545 871 727 926 primum
759 872 819 914 ait
849 886 892 914 se
924 872 1048 915 scire:
1079 874 1114 915 is
1145 874 1258 917 solus
1289 875 1424 918 nescit
1454 876 1608 919 omnia.

243 985 246 988 .
898 948 1103 990 Demea

219 1021 342 1065 Nune
371 1020 510 1073 redeo⁷
543 1021 577 1062 si
607 1020 716 1064 forte
745 1021 878 1064 frater
908 1021 1081 1064 redierit
1111 1023 1212 1065 viso.

873 1096 1134 1151 Ctesipho.

1239 1171 1354 1228 Syre,
1692 1176 1783 1232 (10)

108 1252 190 1292 550
220 1245 419 1299 Obsecro,
450 1245 543 1289 vide
573 1259 628 1289 ne
657 1244 726 1289 ille
757 1246 839 1288 huc
868 1246 1040 1301 prorsus
1072 1259 1116 1289 se
1145 1245 1301 1290 im·uat.

915 1319 1087 1377 Syrna

1304 1396 1447 1439 Etiam
1477 1397 1623 1441 taces?

219 1471 307 1527 Ego
339 1470 509 1514 cavebo.

837 1544 1096 1599 Ctesipho.

490 1620 719 1676 Nunquam
749 1619 889 1662 hercle
919 1618 1043 1662 h6die
1075 1631 1150 1674 ego
1181 1619 1291 1662 istuc
1323 1619 1585 1663 committam
1617 1621 1706 1663 tibi.

219 1695 328 1739 Nam
359 1710 426 1738 me
455 1696 542 1739 iam
572 1695 616 1738 in
647 1694 798 1738 cellam
830 1693 1018 1749 aliquam
1050 1694 1145 1736 cum
1175 1692 1250 1736 illa
1280 1693 1548 1738 concludam:
1585 1694 1629 1737 id
1658 1695 1783 1738 tutis-

1303 1768 1455 1812 simum
1486 1768 1563 1812 est.

917 1843 1086 1898 Syru&

218 1921 318 1976 Age,
348 1919 493 1963 tamen
524 1934 600 1975 ego
630 1919 743 1963 hune
772 1917 989 1962 amovebo.

897 1993 1099 2035 Demea.

994 2065 1067 2110 Set
1096 2080 1240 2110 eccum
1272 2065 1526 2109 sceleratum
1558 2065 1722 2123 Syrtim.

911 2141 1084 2197 Syrna

219 2219 313 2262 Non
343 2217 482 2261 hercle
512 2217 581 2260 hic
610 2217 780 2272 quidem
811 2215 965 2259 durare
995 2216 1232 2271 quisquam,
1265 2215 1299 2257 si
1330 2215 1390 2258 sie
1419 2215 1479 2268 fit,
1510 2215 1663 2270 potest.
1688 2216 1778 2271 (15)

107 2298 187 2337 555
220 2294 335 2338 Scire
355 2291 550 2349 equidem
570 2291 676 2344 volo,
699 2294 803 2346 quot
822 2291 925 2334 mihi
946 2290 1029 2333 sint
1050 2289 1224 2333 domini:
1246 2289 1355 2344 quae
1377 2289 1482 2333 haec
1501 2293 1567 2332 est
1582 2288 1780 2332 miseria?

896 2365 1100 2408 Demea.

219 2442 328 2495 Quid
356 2442 427 2486 ille
456 2441 630 2497 gannit?
661 2440 762 2496 quid
782 2439 896 2484 volt‘?
925 2439 1024 2494 quid
1056 2439 1130 2491 ais,
1161 2438 1271 2482 bone
1292 2438 1381 2480 vir‘?
1403 2438 1467 2481 est
1486 2437 1618 2482 frater
1638 2438 1780 2482 domi?

917 2512 1083 2569 Syrus

220 2591 339 2644 Quid,
371 2590 543 2642 malum,
576 2589 685 2633 bone
716 2589 777 2632 vir
805 2588 907 2631 mihi
937 2587 1115 2630 narras?
1145 2587 1339 2642 equidem
1370 2587 1488 2643 perii.

898 2663 1099 2705 Demea.

1438 2734 1546 2785 Quid
1581 2734 1658 2778 tibi
1688 2734 1780 2778 est?

913 2811 1079 2866 Syru&

220 2887 420 2943 Rogitas?
450 2886 648 2942 Ctesipho
679 2901 744 2929 me
774 2885 925 2941 pugnis
957 2885 1154 2927 miserum
1186 2888 1228 2927 et
1257 2883 1382 2926 istam
1414 2882 1635 2938 psaltriam

221 2962 363 3016 Usque
393 2962 557 3005 occidit.
