1904 3216
79 385 131 423 55

81 762 132 799 60

82 1131 131 1171 65

81 1507 134 1546 70

82 1879 134 1917 75

826 117 1076 160 -8-

166 233 317 277 Patres
346 245 456 288 quae
485 231 660 285 faciunt,
697 245 806 286 quae
835 231 919 274 fert
949 230 1252 282 adulescentia,

164 309 230 351 Ea
258 321 311 351 ne
341 320 409 349 me
440 306 560 358 celet,
594 305 831 349 consuefeci
860 305 1006 348 filium.

163 383 274 426 Nam
305 381 379 436 qui
407 381 578 423 mentiri
609 385 684 422 aut
713 379 859 423 fallere
890 379 1069 422 insuerit
1098 379 1276 434 patrem,

162 458 250 500 Aut
283 459 407 503 ausit,
439 455 561 498 tanto
592 455 725 509 magis
757 454 934 497 audebit
964 454 1140 496 ceteros.

162 531 330 575 Pudore
362 535 405 574 et
434 529 693 572 liberalitate
724 529 879 572 liberos

162 606 360 649 Retinere
390 605 525 647 satius
556 618 647 647 esse
679 603 806 646 eredo
838 617 969 658 quam
1000 603 1128 645 metu.

163 681 281 723 Haeo
309 679 433 722 fratri
462 679 628 722 meeum
658 693 742 722 non
775 678 1031 721 conveniunt
1060 691 1197 732 neque
1228 676 1412 731 placent.

163 755 291 799 Venit
321 754 376 797 ad
405 767 471 796 me
502 753 630 807 saepe
662 753 872 796 olamans:
906 751 1014 803 Quid
1045 751 1146 806 agis,
1178 751 1329 794 Micio?

163 830 247 872 Cur
275 827 418 884 perdis
450 828 767 871 adulescentem
798 826 952 869 nobis?
995 826 1079 868 Cur
1109 826 1254 869 amat?

164 903 248 947 Cur
276 903 427 958 potat?
472 903 556 944 Cur
586 907 633 944 tu
662 902 727 944 his
758 901 886 944 rebus
919 902 1135 956 sumptum
1167 901 1380 956 suggeris?

163 979 332 1022 Vestitu
363 977 492 1019 nimio
523 977 732 1031 indulges:
764 976 942 1018 nimium
971 976 1142 1030 ineptus
1173 975 1229 1017 es,

164 1052 348 1095 Nimium
378 1052 468 1106 ipse
499 1055 563 1094 est
594 1052 725 1094 durus
755 1055 927 1105 praeter
958 1050 1224 1104 aequomque
1255 1055 1298 1092 et
1327 1050 1498 1096 bonum.

163 1129 220 1170 Et
250 1130 366 1170 errat
394 1126 516 1181 longe
548 1140 644 1168 mea
674 1126 843 1180 quidem
876 1124 1100 1177 sententia,

165 1202 244 1254 Qui
273 1201 498 1256 imperium
530 1200 677 1243 eredat
707 1200 876 1254 gravius
909 1199 999 1242 esse
1032 1203 1107 1242 aut
1137 1199 1342 1251 stabilius,

162 1277 217 1319 Vi
246 1275 360 1331 quod
389 1275 449 1328 fit,
482 1289 610 1330 quam
641 1274 758 1326 illud,
791 1273 906 1329 quod
937 1273 1126 1317 amicitia
1157 1273 1411 1328 adiungitur.

162 1351 260 1394 Mea
289 1351 349 1393 sie
380 1354 445 1393 est
474 1349 584 1392 ratio
616 1354 658 1391 et
689 1349 747 1391 sie
778 1349 967 1392 animum
998 1348 1152 1391 induco
1182 1348 1343 1391 meum:

164 1425 278 1468 Malo
309 1424 482 1468 coaetus
512 1425 585 1478 qui
616 1439 737 1466 suom
768 1423 951 1466 officium
980 1422 1095 1474 facit,

165 1502 278 1543 Dum
307 1499 351 1542 id
381 1499 580 1542 rescitum
612 1498 664 1540 iri
695 1498 840 1551 eredit,
874 1497 1083 1551 tantisper
1114 1497 1250 1539 cavet:

165 1574 210 1618 Si
239 1578 384 1630 sperat
411 1573 501 1617 fore
533 1573 654 1625 elam7
685 1587 854 1615 rursum
886 1572 941 1615 ad
971 1572 1185 1627 ingenium
1214 1571 1336 1614 redit.

164 1650 241 1694 me
271 1664 396 1705 quem
426 1648 632 1692 beneficio
666 1648 885 1702 adiungas,
919 1647 970 1690 ex
1001 1647 1142 1690 animo
1173 1646 1287 1690 facit.

167 1725 319 1769 Studet
346 1738 425 1780 par
455 1723 629 1767 referre:
661 1737 864 1778 praesens
897 1722 1135 1777 absensque
1165 1722 1277 1764 idem
1309 1722 1400 1764 erit.

165 1800 258 1844 Hoc
285 1800 470 1855 patrium
503 1804 579 1851 est,
611 1799 752 1853 potius
784 1796 1080 1841 consuefacere
1109 1797 1242 1839 filium

167 1875 254 1918 Sua
284 1878 435 1930 sponte
464 1874 579 1917 reete
609 1873 748 1916 faeere
779 1887 908 1928 quam
939 1873 1078 1915 alieno
1109 1873 1236 1914 metu.

166 1950 259 1993 Hoc
287 1953 411 2005 pater
442 1963 492 1991 ae
522 1948 716 1991 deminus
746 1948 941 1991 interest:
972 1947 1052 1989 hoe
1083 1947 1155 2001 qui
1186 1945 1344 2000 nequit,

168 2025 375 2068 Fateatur
403 2024 565 2066 nescire
595 2023 806 2078 imperare
836 2022 993 2065 liberis.

169 2099 242 2142 Set
271 2104 390 2142 estne
420 2099 487 2142 hie
518 2099 647 2154 ipsus,
679 2098 731 2140 de
763 2112 845 2152 quo
878 2096 1083 2151 agebam?
1114 2099 1156 2137 ot
1187 2099 1300 2137 certe
1330 2095 1365 2136 is
1396 2093 1471 2137 est.

167 2174 318 2218 Nescio
349 2173 452 2229 quid
481 2173 646 2215 tristem
677 2172 815 2215 video:
848 2171 972 2215 eredo
1003 2171 1101 2222 iam,
1133 2175 1181 2212 ut
1211 2169 1330 2221 solet,

85 2257 138 2295 80
168 2248 375 2304 Jurgabit.
423 2247 592 2291 Salvom
623 2251 664 2291 te
697 2247 908 2298 advenire,
940 2244 1113 2296 Demea,

170 2323 426 2367 Gaudemus.

827 2457 985 2502 Seena
1014 2455 1075 2501 Π.

680 2545 907 2586 Demea.
1025 2541 1218 2586 Micio.

706 2728 714 2736 ἢ
850 2674 1051 2717 Demea

443 2739 576 2794 Ehem
609 2753 867 2805 opportune:
899 2753 941 2790 te
970 2747 1109 2802 ipsmn
1140 2746 1345 2802 quaerito.

868 2821 1038 2865 Micio.

173 2897 282 2950 Quid
312 2899 444 2942 tristis
474 2898 518 2941 es
527 2900 547 2940 ἱ)

1635 383 1724 436 (30)

1635 755 1726 806 (35)

1638 1127 1727 1180 (40)

1638 1870 1729 1925 (50)

1835 3107 1904 3216 &aa
1872 3051 1904 3062 ᾳ
1895 2974 1904 2994 ,Α
