1904 3216
893 155 947 161 -
1004 129 1062 172 94
1120 156 1174 161 ,-

931 244 969 286 D
979 257 1001 286 e
1011 258 1055 286 m
1065 257 1088 286 e
1097 257 1135 286 a.

457 315 514 359 Te
544 316 695 360 sanum
726 317 861 360 credis
893 317 1013 361 esse?

952 392 997 435 M
1005 392 1020 434 i
1029 406 1050 434 c
1059 392 1073 434 i
1083 406 1120 435 o.

1000 466 1209 522 Equidem
1241 466 1434 511 arbitrtir.

932 541 969 583 D
981 555 1003 584 e
1014 556 1057 583 m
1067 556 1089 584 e
1100 556 1137 584 a.

253 612 322 656 Ita
349 627 417 656 me
448 612 490 655 ch·
519 613 628 656 bene
658 615 820 656 ament!
852 619 900 657 ut
928 619 1048 658 tuam
1077 615 1199 658 video
1228 616 1446 671 ineptiam,

142 691 223 729 '750
254 687 484 730 Facturum
515 688 653 741 credo,
686 692 733 730 ut
761 689 934 742 habeas,
967 691 1135 744 quicum
1168 691 1360 734 cantites.

951 764 1117 806 Micio.

257 836 342 878 Cur
371 837 483 879 non?

934 913 1137 956 Demea

460 986 515 1027 Et
544 985 654 1027 n6va
684 989 820 1040 nupta
850 987 999 1030 eadem
1029 988 1135 1030 haec
1166 987 1328 1030 discet?

952 1062 1118 1105 Micio.

1331 1135 1510 1180 Scih'cet.

933 1211 1138 1255 Demea

256 1283 317 1327 Tu
346 1283 458 1326 inter
487 1297 559 1327 eas
588 1283 735 1327 restim
769 1283 948 1327 ductans
979 1285 1186 1329 saltabis‘?

952 1359 1118 1405 Micio.

1167 1434 1315 1479 Probe.

934 1510 1136 1553 Demea.

256 1582 421 1626 Probe?

951 1659 1117 1702 Micio.

459 1732 515 1774 Et
542 1735 592 1774 tu
620 1731 838 1775 ndbiscum
869 1747 968 1785 una,
1003 1734 1040 1776 si
1069 1734 1175 1788 dpus
1205 1734 1271 1776 sit.

935 1809 1138 1851 Demea.

1272 1882 1324 1926 Ei
1353 1882 1477 1925 mihi!

257 1955 352 2000 Non
382 1959 425 1999 te
454 1956 561 1999 haec
590 1956 781 2011 pudent?

954 2031 1120 2073 Micio.

800 2105 898 2148 Jam
928 2120 1027 2148 vero
1057 2106 1217 2158 omitte,
1250 2105 1423 2158 Demea,

145 2186 169 2224 7
174 2186 225 2225 55
258 2179 391 2222 Tuam
421 2179 559 2222 istanc
589 2179 854 2223 iracundiam
886 2180 1015 2235 atque
1043 2180 1106 2222 ita
1137 2180 1199 2222 uti
1229 2179 1351 2223 decet

257 2254 452 2298 Hilarum
483 2268 534 2297 ac
562 2254 780 2298 lubentem
809 2253 877 2297 fac
906 2258 950 2297 te
980 2254 1099 2310 gnati
1127 2255 1171 2296 in
1202 2254 1373 2310 nuptiis.

259 2328 347 2383 Ego
377 2328 454 2372 hos
484 2328 750 2372 conveniam:
782 2334 880 2384 post
909 2329 990 2371 huc
1019 2329 1159 2372 redeo.

935 2404 1140 2447 Demea

1138 2478 1173 2520 O
1203 2477 1412 2532 «Iuppiter,

258 2550 450 2595 Hancine
480 2553 628 2594 vitam!
660 2552 831 2595 h6scine
861 2553 1017 2595 mores!
1050 2552 1159 2595 hanc
1189 2551 1466 2594 dementiam!

259 2627 376 2670 Uxor
407 2627 496 2669 sine
527 2627 625 2669 dote
655 2626 805 2679 veniet,
838 2627 953 2669 intus
982 2626 1162 2681 psaltria
1191 2626 1268 2679 est,

146 2709 170 2747 7
178 2710 229 2747 60
259 2701 420 2745 Domus
451 2701 711 2755 sumptucsa,
743 2700 992 2743 adulescens
1022 2701 1124 2743 liixu
1154 2700 1357 2755 perditt'is‚

260 2775 398 2819 Senex
427 2775 631 2818 delirans:
661 2776 756 2830 ipsa
785 2775 821 2818 si
851 2775 996 2830 cupiat
1025 2774 1162 2828 Salas,

261 2849 438 2893 Servare
468 2850 641 2905 pr6rsus
671 2864 755 2891 non
787 2849 928 2904 potest
958 2850 1067 2892 hanc
1098 2848 1314 2891 familiam.

1725 471 1815 526 (300

1726 1884 1816 1939 (35)

1729 2553 1820 2608 (40)
