1904 3216
909 118 1190 161 -20-

941 231 1150 275 Sannio.

268 306 347 357 Qui
362 305 440 348 tibi
456 305 593 348 meam
608 305 741 359 magis
757 304 856 348 licet
870 305 1040 359 habere,
1056 320 1134 361 pro
1150 319 1236 362 qua
1251 319 1327 362 ego
1345 307 1566 364 argentum
1581 308 1706 354 dedi?
1734 311 1826 368 (25)

159 383 237 421 180
267 380 503 436 Responde.

897 455 1197 498 Aeschinus.

539 530 648 571 Ante
680 529 796 572 aedis
827 544 912 572 non
941 529 1089 573 fecisse
1117 530 1187 573 hic
1216 529 1366 573 melius
1396 531 1476 575 erit
1506 533 1754 587 convicifim‚

267 604 377 647 Nam
408 605 442 646 si
471 603 674 646 molestus
705 618 796 647 esse
824 603 976 659 pergis,
1007 605 1093 647 iam
1123 604 1234 648 intro
1266 604 1474 660 abripiere
1503 611 1632 663 atque
1661 608 1721 651 ibi

267 680 410 733 Usque
441 678 496 721 ad
526 692 671 721 necem
702 678 888 733 eperiere
917 679 1029 722 leris.

943 753 1147 797 Sannio.

1040 828 1162 871 Loris
1190 827 1324 871 liber?

930 902 1230 946 Aeschinus.

1361 977 1430 1022 Sic
1460 979 1553 1022 erit.

945 1051 1148 1095 Sannio.

268 1127 302 1170 Ο
314 1127 526 1170 hominem
536 1127 747 1181 impurum
758 1142 766 1168 ε
783 1126 920 1169 hicine
931 1126 1172 1170 libertatem
1180 1127 1300 1171 aiunt
1316 1127 1498 1183 aequam
1509 1141 1600 1171 esse
1611 1128 1827 1173 omnibi'is‘?

894 1201 1194 1245 Aeschinus.

269 1276 313 1319 Si
344 1277 447 1320 satis
477 1277 562 1319 iam
593 1275 892 1329 debacchatus7
923 1276 1033 1329 leno,
1066 1291 1122 1330 es,
1155 1276 1255 1320 audi
1286 1277 1322 1319 si
1350 1277 1412 1320 vis
1441 1291 1554 1322 nunc
1582 1277 1684 1323 iam.
1737 1279 1827 1335 (30)

944 1350 1150 1394 Sannio.

158 1436 235 1475 185
268 1427 386 1482 Egon
418 1426 704 1471 debacchatus
735 1441 827 1470 sum
859 1430 1002 1470 autem
1034 1441 1090 1470 an
1119 1426 1167 1469 tu
1196 1426 1240 1469 in
1270 1427 1365 1470 me?

896 1500 1194 1544 Aeschinus.

1089 1575 1212 1619 Mitte
1241 1575 1326 1619 ista
1357 1574 1487 1632 atque
1517 1575 1574 1620 ad
1603 1589 1693 1620 rem
1722 1575 1826 1620 redi.

943 1650 1145 1694 Sannio.

268 1726 402 1776 Quam
432 1728 548 1768 rem?
593 1725 683 1776 Quo
713 1724 912 1768 redeam?

893 1799 1197 1842 Aeschinus.

784 1875 930 1918 Iamne
959 1873 1027 1918 me
1056 1873 1118 1917 vis
1149 1873 1300 1926 dicere,
1331 1873 1446 1929 quod
1476 1873 1532 1918 ad
1560 1878 1605 1918 te
1633 1872 1827 1917 adtinet?

942 1948 1146 1992 Sannio.
1438 1947 1443 1953 “

268 2024 413 2081 Cupio,
445 2024 570 2079 aequi
600 2023 725 2067 medo
757 2023 928 2079 aliquid.

893 2098 1191 2142 Aeschinus.

941 2173 1055 2216 Vah!
1085 2172 1233 2227 iniqua
1262 2171 1358 2216 leno
1384 2172 1453 2216 me
1473 2186 1558 2217 non
1578 2170 1666 2217 volt
1694 2171 1823 2228 loqui.

940 2247 1147 2291 Sannio.

267 2323 381 2366 Leno
412 2337 517 2374 sum,
548 2321 697 2373 fatcor,
730 2322 936 2376 pernicies
967 2322 1200 2365 communis
1231 2321 1577 2373 adulescentium,

265 2397 474 2449 l'eriurus,
505 2396 652 2451 pestis:
685 2401 828 2439 tamen
859 2396 936 2439 tibi
966 2396 993 2439 a
1022 2411 1088 2439 me
1120 2396 1237 2440 nulla
1267 2400 1331 2439 est
1361 2396 1456 2439 erta
1485 2393 1652 2438 iniuria.
1732 2395 1823 2450 (35)

892 2471 1190 2514 Aeschinus.

155 2554 233 2592 190
264 2546 373 2590 Nam
403 2546 542 2590 hercle
574 2546 700 2589 ctiam
731 2546 809 2589 hoc
842 2545 988 2588 restat.

940 2618 1146 2662 Sannio.

806 2693 910 2737 Illuc
940 2693 1099 2749 quaeso
1129 2693 1232 2746 redi,
1264 2707 1347 2749 quo
1378 2691 1566 2747 coepisti,
1602 2689 1820 2735 Aeschine.

890 2768 1189 2812 Aeschinus.

265 2846 389 2889 Minis
419 2845 565 2901 viginti
595 2849 643 2888 tu
673 2843 790 2887 illam
821 2843 971 2893 emisti,
1004 2857 1113 2898 quae
1145 2857 1211 2886 res
1242 2841 1319 2885 tsbi
1349 2846 1490 2885 vortat
1518 2839 1642 2884 male.

264 2921 437 2975 Argenti
466 2919 636 2964 tantum
666 2918 848 2963 dabitur.

1886 3075 1904 3132 h*.“
