1904 3216
873 147 1153 198 —736—

883 351 1040 397 Scena
1069 351 1132 397 11.
1634 356 1727 412 (111,
1744 358 1787 413 2)

605 460 754 504 Geta.
815 460 1069 504 Sostrata.
1132 460 1413 505 Canthara.

931 598 1083 641 Geta.

224 670 346 714 Nunc
374 671 478 713 illud
509 671 584 723 est,
617 686 756 726 quom,
789 673 823 713 si
854 673 995 714 omnia
1026 671 1169 714 omnes
1201 687 1279 715 sua
1310 673 1485 716 consilia
1515 674 1737 718 conferant

112 749 193 788 300
224 746 362 801 Atque
391 746 488 790 huic
517 746 629 788 malo
660 746 841 789 salutem
872 746 1094 800 quaerant,
1127 746 1257 789 auxili
1289 747 1394 789 nihil
1425 746 1634 801 adferant,

222 820 343 871 Quod
372 821 558 875 mihique
589 821 771 876 eraeque
801 820 998 875 filiaeque
1030 821 1121 863 erili
1152 826 1234 863 cst:
1266 821 1342 864 vae
1374 822 1527 865 misero
1556 823 1672 866 mihi.

221 895 300 937 Tot
329 909 396 937 res
426 896 601 950 repente
633 895 967 947 circumvallant⁷
1000 895 1112 938 unde
1142 895 1298 950 emergi
1329 910 1413 938 non
1444 896 1603 951 potest:

219 969 294 1018 Vis
324 970 501 1024 egestas,
531 970 751 1023 iniustitia,
783 969 977 1014 solitudov
1013 969 1203 1012 infamia.
1723 974 1785 1028 (5)

220 1043 381 1088 Hocine
398 1044 602 1088 saeclum!
627 1061 650 1088 o
673 1045 845 1098 scelera,
869 1060 893 1089 o
914 1045 1070 1101 genera
1091 1043 1308 1099 sacrilega‚
1332 1044 1356 1086 ό
1376 1045 1587 1088 hominem
1608 1046 1784 1102 inpium.

874 1130 1131 1175 Sostrata.

111 1203 189 1243 305
222 1204 290 1248 Me
320 1205 539 1259 miseram,
579 1205 783 1261 quidnam
817 1210 898 1257 est,
939 1206 1053 1260 quod
1092 1206 1151 1248 sic
1187 1205 1307 1248 video
1338 1206 1531 1249 timidum
1562 1211 1605 1251 et
1632 1207 1783 1264 prope-

1300 1285 1467 1324 rantem
1499 1281 1682 1325 Getam?

926 1366 1069 1409 Geta.

218 1439 350 1491 Quem
381 1453 518 1495 neque
547 1439 665 1492 fides,
697 1454 833 1495 neque
862 1440 1156 1483 iusiurandum
1186 1454 1324 1496 neque
1353 1441 1472 1484 illum
1492 1441 1782 1485 misericordia

216 1514 445 1569 Repressit,
477 1514 614 1569 neque
643 1515 819 1567 reflexit,
851 1515 989 1570 neque
1019 1515 1135 1569 quod
1163 1520 1312 1571 partus
1343 1515 1534 1559 instabat
1561 1517 1707 1572 prope,

218 1589 294 1631 Cui
323 1589 501 1632 miserae
531 1588 701 1644 indigne
731 1603 808 1644 per
837 1589 920 1631 vim
950 1589 1097 1632 vitium
1128 1589 1354 1644 optulerat.

870 1663 897 1706 S
910 1667 1126 1709 ostrata.

1298 1737 1391 1780 Non
1421 1737 1620 1793 intellego
1685 1739 1776 1794 (10)

216 1810 341 1864 Satis,
376 1824 485 1866 quae
515 1811 727 1868 loquatur.

853 1898 1135 1942 Canthara

689 1972 866 2028 Propius
897 1973 1071 2016 obsecro
1104 1971 1356 2015 accedamus
1388 1971 1593 2015 Sostrata.

919 2047 1065 2090 Geta.

1609 2107 1675 2163 Ah

100 2197 182 2236 310
211 2193 280 2236 Me
309 2193 527 2237 miserum!
558 2194 628 2236 vix
659 2209 752 2238 sum
783 2210 954 2251 compos
985 2195 1132 2238 animi:
1163 2196 1225 2238 ita
1256 2194 1383 2239 ardeo
1415 2193 1648 2238 iracundia.

211 2267 324 2310 Nihil
345 2271 410 2311 est
429 2268 543 2323 quod
563 2269 721 2323 malim,
743 2285 871 2325 quam
891 2269 1007 2313 illam
1025 2270 1159 2313 totam
1175 2269 1379 2313 familiam
1397 2268 1491 2312 dari
1510 2269 1569 2312 mi
1588 2268 1769 2322 obviam,

211 2342 269 2385 Ut
299 2356 374 2397 ego
404 2343 512 2387 iram
543 2343 653 2387 hanc
684 2346 727 2386 in
759 2359 830 2388 eos
861 2358 1051 2388 evomam
1083 2344 1262 2396 omnem,
1294 2343 1395 2386 dum
1426 2342 1644 2399 aegritudo
1663 2342 1770 2387 haec

1294 2422 1358 2460 est
1388 2417 1547 2461 recens.

211 2490 342 2547 (Satis
373 2491 433 2533 mi
463 2491 507 2534 id
535 2492 718 2536 habeam
750 2492 942 2548 supplici,
975 2493 1074 2535 dum
1103 2493 1197 2537 illos
1228 2493 1410 2537 ulciscar
1438 2490 1595 2546 modo.)
1677 2493 1768 2548 (15)

209 2564 308 2608 Seni
332 2565 518 2608 animam
543 2566 726 2621 primum
748 2567 1034 2621 extinguerem
1057 2567 1148 2622 ipsi,
1180 2568 1253 2622 qui
1273 2566 1378 2610 illud
1397 2565 1596 2622 produxit
1617 2564 1766 2609 scelus.

94 2646 174 2686 315
207 2639 312 2683 Tum
328 2643 471 2684 autem
483 2640 647 2696 Syrum,
660 2641 931 2696 inpulsorem‚
944 2641 1038 2694 vah,
1053 2641 1205 2696 quibus
1220 2641 1340 2684 illum
1355 2640 1587 2684 lacerarem
1603 2639 1768 2684 modis?

205 2713 436 2758 Sublimem
473 2714 657 2760 medium
697 2715 927 2770 arriperem
964 2720 1008 2757 et
1037 2715 1175 2771 capite
1205 2728 1386 2770 pronum
1414 2714 1459 2757 in
1489 2714 1650 2758 terram
1678 2716 1766 2758 sta-

1290 2788 1467 2841 merem,

611 2864 668 2908 Ut
698 2863 870 2908 cerebro
900 2863 1119 2920 dispergat
1147 2862 1271 2907 viam.
