1904 3216
96 394 98 397 .
126 355 204 393 605

125 1400 205 1437 610

125 1771 203 1810 615

125 2145 204 2183 620

127 2591 204 2631 625

885 94 1164 136 -76-

931 205 1104 262 Hegio,

1538 285 1653 330 Bene
1682 286 1801 331 facis.

238 353 413 406 Omnes,
455 353 609 408 quibus
648 353 716 397 res
758 358 858 397 sunt
897 354 1037 398 minus
1077 356 1307 411 secundae,
1348 359 1482 414 magis
1522 365 1623 404 sunt
1660 362 1802 406 nescio

1328 448 1411 487 quo
1441 434 1567 478 mode

237 501 483 556 Suspiciesi:
516 502 571 544 ad
602 502 901 546 contumeliam
933 505 1075 547 omnia
1107 506 1321 560 accipiunt
1349 508 1503 562 magis:
1710 511 1800 567 (15)

236 576 416 630 Propter
447 591 567 619 suam
597 577 893 631 impotentiam
924 594 968 621 se
999 594 1165 634 semper
1196 580 1373 624 credunt
1402 582 1550 625 ludier.

237 650 505 705 Quapropter
535 656 578 694 te
609 651 747 706 ipsum
778 667 960 708 purgare
992 654 1094 708 ipsis
1125 669 1268 698 coram
1299 655 1550 711 placabilius
1581 657 1657 702 est.

935 728 1099 771 Micio,

237 799 292 841 Et
321 803 435 842 recte
467 804 508 842 et
538 800 683 842 verum
714 801 830 843 dicis.

934 877 1106 933 Hegio.

838 951 1022 1006 Sequere
1052 967 1119 996 me
1154 967 1250 1009 ergo
1281 953 1361 996 hac
1389 953 1515 997 intro.

934 1026 1100 1070 Micio.

1531 1103 1743 1148 Maxume.

895 1216 1053 1260 Scena
1083 1215 1139 1260 V.

867 1324 1168 1366 Aeschinus.

643 1398 886 1441 Discrucior
917 1397 1065 1440 animi:

440 1472 602 1515 Hocine
633 1472 685 1515 de
714 1473 941 1528 impreviso
971 1473 1074 1515 mali
1103 1472 1205 1515 mihi
1236 1473 1361 1517 obiici

236 1546 431 1600 Tantum,
454 1552 502 1590 ut
523 1547 659 1603 neque
676 1547 778 1602 quid
794 1548 846 1590 de
866 1562 934 1590 me
954 1546 1122 1600 faciam,
1144 1562 1222 1591 nec
1244 1548 1346 1603 quid
1367 1548 1506 1604 agam,
1528 1553 1689 1592 certum
1711 1549 1802 1594 siet.

372 1623 565 1666 Membra
593 1624 710 1666 metu
742 1623 899 1666 debilia
929 1627 1040 1675 sunt,
1074 1623 1240 1666 animus
1271 1623 1422 1667 timore

371 1698 605 1753 Obstipuit:
635 1702 807 1753 pectore
838 1698 1067 1741 consistere
1098 1698 1158 1739 nss
1188 1698 1280 1753 quit
1310 1698 1470 1741 consili.
1741 1700 1804 1756 (5)

235 1772 349 1815 Vah!
382 1773 598 1824 Quomode
628 1788 696 1816 1110
727 1788 777 1815 ex
807 1773 888 1816 hac
920 1772 1142 1827 expediam
1172 1773 1300 1815 turba
1329 1771 1481 1815 tanta?
1510 1775 1635 1816 tanta
1663 1772 1777 1817 minc

236 1847 427 1903 Suspicio
459 1849 510 1891 de
541 1863 608 1891 me
638 1848 799 1900 incidit,
830 1862 967 1903 neque
997 1847 1070 1902 pol
1100 1861 1151 1890 ea
1180 1847 1407 1890 immerito:
1440 1846 1637 1890 Sostrata

237 1922 392 1975 Credit,
414 1922 518 1964 mihi
537 1938 604 1965 me
624 1923 847 1978 psaltriam
867 1904 979 1965 ffanc
1002 1923 1169 1965 emisse:
1199 1922 1242 1964 id
1264 1922 1370 1964 anus
1390 1921 1450 1964 mi
1468 1920 1671 1964 indicium
1690 1920 1802 1965 fecit.

235 1996 345 2039 Nam
362 2001 409 2039 ut
424 1997 522 2040 hinc
542 1997 650 2040 ferte
669 2012 720 2040 ea
737 1997 792 2040 ad
809 1997 1080 2040 obstetricem
1097 2000 1190 2040 erat
1210 1996 1352 2048 missa,
1374 1996 1446 2039 fibi
1467 1995 1552 2038 vidi
1571 1995 1679 2048 111οὁ,
1712 1997 1803 2052 (10)

236 2071 414 2124 Accede,
446 2072 593 2127 regite,
626 2072 849 2127 Pamphila
880 2072 981 2127 quid
1014 2075 1125 2126 agat,
1156 2072 1241 2113 iam
1272 2070 1421 2125 partus
1453 2070 1602 2123 adsiet,

236 2146 354 2189 Eone
376 2147 646 2190 obstetricem
669 2151 873 2200 accersat,
896 2147 970 2190 ssla
992 2146 1223 2190 exclamat:
1245 2134 1339 2199 Abi,
1370 2145 1453 2198 abi,
1474 2145 1560 2187 iam
1580 2143 1802 2198 Aeschine,

237 2219 350 2263 Satis
381 2221 453 2263 (1111
484 2221 638 2265 (10(11511
668 2222 816 2274 verba,
859 2221 927 2264 sat
957 2221 1097 2264 adhuc
1133 2225 1209 2263 tua
1238 2234 1315 2263 nos
1351 2219 1559 2263 frustrata
1589 2223 1653 2263 est
1683 2218 1801 2263 fides.

236 2294 363 2348 Hem,
402 2296 503 2351 quid
532 2297 654 2349 istuc,
691 2296 878 2349 obsecro,
917 2296 1092 2351 inquam
1123 2295 1214 2338 est?
1253 2294 1430 2347 Valeas,
1470 2293 1632 2337 habeas
1670 2293 1802 2348 illam,

1324 2383 1435 2423 quae
1463 2367 1617 2425 placet.

237 2442 358 2487 Sensi
388 2444 483 2487 ilico
514 2445 557 2487 id
586 2444 682 2487 illas
713 2444 931 2500 suspicari,
964 2448 1028 2487 501
1058 2458 1125 2491 me
1155 2443 1409 2499 reprehendi
1438 2442 1596 2495 tamen,
1710 2442 1802 2499 (15)

236 2517 299 2560 Ne
330 2519 431 2573 quid
463 2519 515 2562 de
544 2518 676 2563 fratre
706 2519 902 2574 garrulae
932 2518 994 2560 ssli
1024 2519 1205 2562 dicerem
1238 2517 1288 2561 110
1316 2518 1438 2561 fieret
1465 2516 1622 2573 palam.

237 2591 359 2635 Nunc
382 2593 482 2648 quid
503 2593 686 2637 faciam?
708 2594 855 2637 Dicam
876 2592 1019 2635 frz'itris
1037 2607 1128 2635 esse
1148 2592 1287 2634 hanc‘?
1309 2592 1421 2647 qued
1436 2591 1676 2635 minimeest
1695 2590 1802 2646 opus

241 2667 428 2722 Usquam
460 2667 621 2722 ecferri,
653 2683 703 2711 ac
733 2669 872 2712 mitto:
904 2667 996 2711 sion·
1026 2667 1137 2722 potis
1168 2671 1233 2709 051
1261 2667 1308 2710 ut
1333 2681 1386 2709 110
1415 2679 1502 2721 qua
1528 2664 1664 2709 exeat.

237 2740 286 2783 Id
315 2741 453 2796 ipsum
484 2742 627 2787 metuo
659 2747 706 2786 ut
737 2743 930 2786 credant:
960 2741 1024 2785 tet
1055 2745 1312 2784 concurrunt
1341 2739 1596 2783 verisimilia.

237 2814 416 2869 Egomet
442 2816 584 2871 rapui,
615 2818 704 2872 ipse
735 2821 900 2872 egomet
930 2815 1032 2858 solvi
1065 2819 1305 2870 argentum,
1338 2813 1392 2855 ad
1423 2828 1488 2856 1110
1520 2813 1707 2857 abducta
1736 2817 1802 2856 est

1326 2887 1496 2931 domum
1709 2887 1800 2942 (20)
