1904 3216
854 142 1169 185 —122—

907 255 1106 299 Demea.

226 329 451 372 Postremo
481 328 605 371 hodie
634 329 678 371 in
708 329 888 384 psaltria
916 330 1001 373 ista
1030 331 1214 374 emunda
1242 332 1311 375 hic
1342 332 1511 375 adjutor
1540 331 1633 386 fuit,
1702 334 1793 390 (10)

226 404 307 446 Hic
338 403 518 445 curdvit:
548 403 749 458 prodesse
779 404 962 459 aequom
992 409 1078 448 est:
1110 405 1182 448 alii
1211 405 1406 449 meliores
1436 407 1571 449 crsmt.

225 478 417 533 Denique
446 477 516 521 hic
545 477 633 521 volt
661 478 763 521 fieri.

923 565 1090 609 Micio.

767 639 849 682 Vin
879 643 927 682 tu
956 640 1041 683 hoc
1069 641 1191 684 fieri?

850 732 1154 776 Aeschinus.

1204 807 1349 863 Cupio.

917 882 1086 926 Micio.

1354 956 1399 1000 Si
1429 957 1599 1012 quidem

111 1033 190 1072 970
221 1028 283 1072 Tu
312 1030 386 1082 vis,
419 1029 535 1086 Syre,
569 1030 647 1073 eho
679 1031 832 1075 accede
862 1032 945 1075 huc
978 1031 1033 1074 ad
1063 1046 1151 1074 me:
1182 1031 1289 1074 liber
1319 1031 1422 1075 esto.

917 1123 1089 1180 Syrus

1421 1197 1536 1240 Bene
1563 1197 1683 1240 facis.

223 1270 427 1314 Omnibus
459 1272 641 1327 gratiam
671 1272 808 1315 habeo
839 1276 882 1315 et
912 1272 1101 1316 seorsum
1131 1272 1209 1315 tibi
1237 1272 1473 1328 praeterea,
1505 1272 1678 1315 Demea.

905 1365 1107 1407 Demea.

223 1437 411 1482 Gaudeo.

853 1513 1153 1557 Aeschinus.

424 1577 480 1630 Et
510 1602 598 1644 ego.

914 1663 1084 1719 Syrus.

574 1737 728 1781 Credo:
762 1739 926 1781 utinam
955 1738 1035 1781 hoc
1064 1742 1316 1794 perpetuum
1345 1737 1425 1781 fiat
1445 1737 1658 1793 gaudium,
1691 1739 1782 1795 (15)

218 1812 443 1869 Phrygiam
472 1817 520 1855 ut
549 1814 724 1856 uxorem
754 1827 893 1856 meam
923 1813 1010 1855 una
1038 1827 1202 1856 mecum
1231 1812 1398 1856 videam
1427 1812 1619 1856 liberam.

899 1905 1104 1948 Demea.

223 1979 452 2035 Optumz'tm
483 1980 653 2036 quidem
684 1980 914 2023 mulierem.

917 2066 1087 2122 Syrus

916 2130 972 2183 Et
1002 2140 1171 2196 quidem
1203 2145 1277 2184 tuo
1308 2140 1464 2195 nepoti,
1494 2139 1620 2183 huius
1648 2138 1748 2193 fili6‚

107 2221 185 2262 975
218 2216 355 2260 Hodie
384 2216 524 2271 prima
553 2230 784 2260 mammam
815 2215 933 2259 dedit
961 2215 1079 2259 haec.

900 2308 938 2350 D
948 2322 1020 2350 em
1033 2321 1055 2350 e
1064 2322 1101 2350 a.

1090 2381 1243 2425 Hercle
1273 2381 1371 2424 vero
1403 2381 1524 2434 serio,

219 2456 263 2501 si
284 2457 453 2513 quidem
473 2458 613 2513 prima
634 2457 763 2510 dedit,
784 2456 901 2500 haud
917 2456 1092 2499 dubium
1113 2461 1190 2509 est,
1212 2456 1313 2511 quin
1330 2455 1465 2499 emitti
1486 2469 1665 2512 aequom
1687 2454 1780 2498 siet.

915 2548 1080 2592 Micio.

218 2624 284 2669 Ob
314 2638 409 2668 eam
438 2625 556 2667 rem?

846 2723 853 2732 .
895 2698 1094 2740 Demea.

373 2760 438 2816 Ob
459 2787 572 2816 eam:
593 2776 808 2828 postremo
830 2771 856 2814 ἡ
875 2785 942 2814 me
964 2775 1198 2826 argentum,
1220 2770 1371 2826 quenti
1391 2774 1468 2823 est,
1490 2768 1656 2814 sumito.
1686 2768 1778 2824 (20)

914 2862 1081 2919 Syrus.

217 2940 271 2983 Di
301 2939 390 2993 tibi,
422 2939 596 2994 Demea,
629 2952 774 2983 omnes
805 2938 971 2994 semper
999 2937 1144 2982 omnia
1173 2937 1323 2992 optata
1353 2934 1546 2980 offerunt.
