1904 3216
843 143 1120 185 -42-

199 253 417 306 Fateatur,
450 255 544 297 esim
575 259 690 297 amet
720 254 859 307 aliam,
892 255 975 298 non
1007 261 1071 298 est
1100 257 1214 310 utile,
1246 257 1358 300 hanc
1387 258 1448 300 illi
1478 258 1584 302 dari.

201 326 468 383 Quapropter
497 328 666 383 quoquo
696 333 822 384 pacto
854 329 985 373 tacito
1016 334 1080 372 est
1110 345 1229 385 opus.

854 402 1108 447 Sostrata.

1256 480 1322 523 Ah
1352 481 1523 525 minime
1552 483 1759 537 gentifim!

200 550 296 594 Non
325 550 492 594 faciam.

904 626 1047 670 Geta.

411 699 521 751 Quid
551 701 677 755 ages?

850 774 1107 818 Sostrata.

582 847 811 891 Proferam.

840 922 1120 967 Canthara.

722 996 842 1049 Hem,
873 1011 970 1039 mea
999 995 1206 1051 Sostrata,
1238 999 1331 1042 vide
1361 1015 1489 1055 quam
1522 1015 1611 1044 rem
1642 1001 1757 1056 agas.

856 1071 1108 1114 Sostrata.

203 1143 350 1188 Peiore
378 1145 446 1188 res
476 1145 568 1188 loco
600 1160 684 1189 non
714 1146 825 1200 petis
857 1151 921 1188 est
951 1160 1053 1198 esse,
1097 1161 1225 1201 quam
1264 1148 1306 1190 in
1339 1163 1422 1203 quo
1453 1163 1540 1192 nun
1571 1150 1654 1192 sita
1685 1149 1760 1194 est.

90 1221 170 1259 345
202 1218 389 1262 Primum
433 1219 630 1263 indotata
672 1225 752 1263 est:
799 1224 888 1263 tum
932 1221 1172 1275 praeterea,
1226 1237 1336 1276 quae
1380 1214 1575 1266 seci'mda'
1607 1225 1644 1266 ei
1686 1223 1763 1268 dos

1289 1296 1393 1348 erat,

203 1367 350 1410 Periit:
382 1382 458 1423 pro
489 1369 648 1423 virgine
679 1369 771 1412 dari
802 1370 982 1424 ni‘iptum
1012 1384 1096 1413 non
1127 1369 1280 1424 potest.
1341 1370 1432 1414 Hoc
1461 1371 1663 1415 relicuom
1686 1372 1762 1424 est.

203 1441 248 1484 Si
277 1441 435 1485 infitias
465 1442 554 1495 ibit,
586 1444 707 1487 testis
737 1443 901 1487 mecum
933 1448 997 1487 est
1028 1444 1192 1497 anulfis,
1225 1459 1349 1500 quem
1381 1445 1595 1488 amiserat.

202 1515 422 1560 Postremo
462 1517 633 1573 quando
675 1533 749 1574 ego
788 1519 891 1562 mihi
931 1533 1023 1562 sum
1066 1519 1252 1571 conscia,
1295 1534 1322 1561 a
1359 1534 1427 1562 me
1467 1519 1636 1574 clilpam
1675 1533 1766 1564 esse

1287 1594 1398 1636 hanc
1429 1593 1589 1648 procsil,
1675 1595 1764 1649 (50)

201 1665 348 1720 Neque
378 1667 561 1720 pretium
593 1667 731 1722 neque
760 1683 849 1711 rem
890 1668 1020 1711 ullam
1056 1668 1344 1712 intercessisse
1380 1668 1455 1710 illa
1486 1672 1562 1710 aut
1596 1667 1666 1710 me
1701 1668 1765 1710 in—

1290 1742 1474 1797 dignam,
1507 1741 1630 1794 Geta,
1663 1747 1666 1749 ’

90 1820 171 1861 350
201 1814 420 1871 Experiar.

910 1890 1053 1934 Geta.

419 1964 530 2016 Quid
558 1965 682 2010 istic?
712 1970 814 2018 esto,
847 1968 894 2008 ut
923 1963 1074 2007 melius
1104 1964 1232 2009 dicas.

856 2038 1111 2083 Sostrata.

1264 2111 1337 2163 Τιἰ,
1370 2115 1578 2167 quantum
1607 2109 1763 2166 potest,

202 2188 284 2231 Abi
314 2192 443 2244 atque
473 2188 651 2244 Hegioni
682 2192 861 2243 cognato
891 2188 1015 2230 hiiius
1055 2201 1145 2230 rem
1175 2185 1375 2230 enarrato
1406 2199 1573 2228 omnem
1604 2183 1764 2237 ordine,

203 2263 313 2307 Nam
342 2264 379 2306 is
409 2267 554 2307 nostro
586 2263 746 2307 Simulo
776 2262 856 2306 fuit
887 2263 1074 2305 ssimmus
1106 2266 1148 2305 et
1177 2276 1254 2304 nos
1286 2260 1414 2304 coluit
1443 2258 1654 2303 maxume.

913 2336 1056 2380 Geta.

204 2411 314 2455 Nam
344 2411 485 2455 hercle
515 2411 624 2455 alius
654 2411 777 2455 nemo
807 2411 979 2466 respicit
1010 2425 1098 2454 nos.

859 2485 1112 2529 Sostrata.

982 2559 1165 2614 Propere
1194 2559 1254 2611 tsi,
1285 2572 1382 2602 mea
1411 2555 1641 2609 Canthara,
1672 2557 1764 2612 (55)

206 2635 350 2691 Curre,
395 2633 666 2679 obstetricem
711 2649 891 2687 accerse,
945 2638 1003 2686 ut,
1056 2648 1151 2677 cum
1195 2633 1300 2688 opus
1349 2633 1416 2683 sit,
1461 2644 1516 2674 ne
1557 2630 1603 2672 in
1645 2629 1766 2674 mora

1291 2706 1411 2750 nobis
1441 2704 1532 2748 siet.
