1904 3216
876 151 1159 195 —16-

830 320 989 366 Scena
1017 321 1187 368 tertia.
1656 324 1727 382 (11,
1752 327 1794 382 1)

579 394 786 438 Sannio.
846 395 1119 439 Aechinus.
1179 395 1446 442 Parmeno.

911 487 1116 530 Sannio.

120 565 198 604 155
231 561 415 604 Obsecro
444 561 671 616 populares
700 560 806 604 ferte
836 562 989 605 misero
1021 567 1149 618 atquc
1180 562 1395 606 innocenti
1425 564 1644 607 auxilium:

231 635 460 679 Subvenite
491 636 620 690 inopi.

861 711 1164 754 Aeschinus.

654 784 810 828 Otiose.
871 785 993 828 Nunc
1023 787 1109 828 iam
1139 786 1234 828 ilico
1265 786 1333 828 hic
1363 787 1560 830 consiste.

230 859 339 910 Quid
367 859 610 914 respectas?
640 859 709 902 Nil
738 859 885 914 pericli
915 864 995 902 est:
1028 875 1272 915 numquam,
1305 861 1405 903 dum
1437 861 1512 916 ego
1543 862 1685 915 adero,
1723 862 1793 905 hic

1318 940 1361 978 tc
1391 935 1550 992 tanget.

906 1007 1114 1051 Sannio.

500 1084 588 1139 Ego
618 1084 745 1127 istam
773 1083 915 1126 invitis
946 1084 1153 1126 omnibus.

856 1158 1157 1201 Aeschinus.

362 1232 629 1288 Quamquam
664 1238 728 1276 est
758 1233 982 1286 scelestus,
1021 1247 1105 1276 non
1142 1234 1376 1276 committet
1410 1234 1534 1277 hodie
1574 1248 1790 1289 umquam,

1253 1308 1406 1351 iterum
1436 1313 1484 1351 ut
1513 1308 1696 1364 vapulet.
1728 1309 1791 1364 (5)

907 1382 1111 1426 Sannio.

118 1465 196 1503 160
226 1457 446 1510 Aeschine,
479 1457 591 1510 audi,
623 1471 676 1500 ne
707 1461 749 1500 tc
779 1457 973 1513 ignarum
1004 1457 1131 1501 fuisse
1162 1457 1280 1500 dicas
1311 1472 1500 1501 meorum
1531 1458 1707 1507 morum,

226 1533 344 1577 Leno
375 1547 450 1588 ego
482 1533 587 1575 ssim.

854 1607 1157 1650 Aeschinus.

610 1680 717 1724 Scio.

904 1757 1109 1799 Sannio.

758 1833 814 1874 At
828 1833 890 1874 ita
905 1835 953 1874 ut
968 1832 1147 1886 usquam
1164 1830 1243 1873 fuit
1258 1829 1342 1873 fide
1358 1830 1584 1885 quisquam
1600 1829 1789 1884 optuma.

226 1906 288 1949 Tu
319 1906 433 1962 quod
462 1906 505 1948 tc
534 1907 744 1961 posterius
774 1907 940 1962 purgeS,
971 1906 1082 1948 hanc
1112 1905 1309 1948 iniuriam
1339 1904 1442 1946 mihi
1472 1903 1582 1947 nolle

226 1981 404 2025 Factam
444 1995 554 2033 esse,
600 1980 724 2023 huius
765 1994 848 2024 non
894 1980 1066 2023 faciam:
1114 1979 1236 2022 crede
1278 1979 1376 2030 hoc,
1423 1993 1499 2033 ego
1539 1978 1679 2021 metim
1724 1978 1790 2021 ius

1312 2052 1556 2108 persequar,

226 2130 372 2186 Neque
402 2134 450 2172 tu
479 2129 618 2172 verbis
648 2130 783 2172 solves
803 2130 1019 2183 uinquam,
1052 2127 1166 2183 quod
1186 2127 1287 2170 mihi
1317 2127 1363 2169 re
1383 2126 1658 2170 malefeceris.
1697 2127 1788 2182 (10)

116 2210 193 2249 165
226 2205 333 2249 Novi
374 2219 448 2260 ego
488 2204 633 2248 vostra
672 2204 793 2248 haec:
840 2202 1005 2246 Nollem
1044 2201 1223 2254 factiun,
1270 2201 1442 2245 dabitur
1481 2199 1788 2252 iusiurandum,

1310 2276 1529 2331 indignum

226 2354 282 2397 Te
313 2368 404 2397 csse
434 2354 589 2397 iniuria
618 2354 711 2402 hac,
743 2352 925 2406 indignis
957 2366 1049 2394 cum
1082 2356 1244 2404 egomet
1276 2351 1351 2392 sim
1385 2351 1584 2405 acceptus
1610 2347 1757 2392 modis.

854 2426 1154 2469 Aeschinus.

225 2500 305 2545 Abi
335 2517 439 2557 prae
470 2502 641 2545 strenue
673 2517 722 2545 ac
753 2502 884 2545 forem
917 2500 1045 2556 aperi.

902 2575 1113 2619 Sannio.

1070 2650 1264 2693 Ceterum
1296 2649 1375 2692 hoc
1404 2646 1522 2689 nihili
1552 2646 1686 2689 sacis?

874 2725 1178 2767 Aeschinus.

227 2802 247 2846 I
275 2802 388 2846 intro
418 2801 529 2845 minc
560 2801 656 2843 iam.

904 2874 1108 2917 Sannio.

701 2949 757 2991 At
787 2949 896 2991 enim
930 2948 1012 2990 non
1045 2949 1191 2990 sinam.
