1904 3216
909 160 963 169 —
1026 135 1221 179 108—

907 328 1065 373 Scena
1093 328 1230 374 XIII.
1715 332 1782 388 (V,
1801 333 1844 388 5)

797 419 994 476 Syrus.
1111 420 1339 463 Demea.

979 539 1150 595 Syrus.

285 614 413 667 Heus,
446 615 617 667 Demea,
650 614 744 657 erat
772 613 905 658 frater
934 629 987 658 ne
1019 614 1147 658 abeas
1176 615 1353 671 longius.

962 690 1164 733 Demea.

286 763 385 815 Quis
415 763 540 807 homo
572 764 665 807 est‘?
696 762 798 820 Syre
828 764 985 816 nester,
1017 764 1151 807 salve:
1184 765 1286 820 quid
1316 764 1392 807 fit?
1422 765 1524 820 quid
1555 765 1721 821 agitur?

978 838 1148 895 Syrus

284 911 424 956 Recte.

248 973 252 976 ’
963 988 1163 1031 Demea

421 1061 603 1116 Optume
635 1062 709 1104 est.
770 1062 867 1104 Jam
899 1077 1010 1105 nune
1040 1063 1146 1105 haee
1175 1062 1260 1105 tria
1288 1063 1470 1118 primum
1502 1062 1646 1106 addidi

172 1141 251 1180 885
284 1136 462 1179 Praeter
491 1138 703 1189 naturam,
737 1151 760 1180 o
791 1141 947 1190 noster,
980 1137 1083 1193 quid
1112 1138 1188 1180 fit‘?
1218 1137 1320 1192 quid
1351 1137 1515 1193 agitur?

285 1210 458 1255 Servom
488 1212 594 1254 haut
622 1211 887 1255 inliberalem
918 1212 1097 1267 praebes
1128 1216 1170 1255 te
1203 1216 1245 1254 et
1275 1211 1353 1255 tibi
1781 1213 1842 1267 (5)

282 1286 453 1330 Lubens
482 1286 589 1330 bene
619 1285 762 1329 faxim.

978 1361 1148 1417 Syrus.

760 1436 953 1480 Gratiam
983 1436 1133 1480 habeo.

963 1512 1166 1555 Demea.

1125 1586 1268 1642 Atqui,
1299 1585 1415 1642 Syre,

282 1661 373 1704 Hoc
401 1675 545 1704 verum
577 1665 642 1704 est
672 1661 715 1704 et
742 1661 837 1716 ipsa
866 1676 913 1705 re
943 1661 1159 1717 experiere
1187 1661 1446 1717 propediem.

917 1835 1074 1880 Seena
1103 1834 1235 1879 XIV.
1711 1833 1779 1889 (V,
1803 1833 1845 1889 6)

810 1925 974 1968 Geta.
1092 1926 1319 1968 Demea.

993 2040 1134 2083 Geta.

281 2117 380 2169 Era,
413 2130 487 2171 ego
518 2116 601 2159 hue
631 2115 687 2158 ad
716 2115 793 2158 hes
822 2115 1048 2170 provisam,
1080 2115 1208 2170 quam
1237 2130 1335 2158 mox
1366 2115 1567 2170 virginem

170 2199 251 2237 890
282 2192 526 2235 Accersant.
589 2189 663 2233 Set
693 2204 836 2233 eccum
868 2190 1084 2234 Demeam.
1146 2189 1293 2234 Salvos
1323 2190 1417 2233 sies.

962 2265 1164 2308 Demea

283 2341 317 2384 Ο
349 2341 421 2396 qui
451 2340 629 2384 vocare?

992 2413 1131 2456 Geta.

653 2488 774 2532 Geta.

964 2563 1164 2604 Demea.

788 2636 899 2679 Geta
929 2636 1140 2679 heminem
1172 2637 1359 2679 maxumi

283 2712 397 2755 Preti
427 2716 469 2754 te
501 2727 591 2755 esse
622 2712 747 2754 hedie
776 2711 959 2754 iudicavi
989 2711 1130 2753 animo
1161 2710 1267 2763 mee,

283 2786 393 2829 Nam
422 2787 459 2829 is
487 2786 590 2829 mihi
619 2785 808 2841 profecto
839 2790 904 2829 est
934 2800 1076 2828 servos
1107 2785 1324 2839 spectatus
1355 2785 1472 2836 satis,
1781 2783 1843 2838 (5)

284 2862 361 2904 Cui
391 2861 585 2905 dominus
616 2861 742 2904 curae
772 2865 849 2913 est,
880 2860 942 2902 ita
972 2860 1035 2902 uti
1064 2859 1154 2911 tibi,
1187 2859 1298 2902 sensi
1329 2858 1451 2911 Geta,

171 2942 250 2980 895
282 2936 338 2979 Et
366 2935 443 2979 tibi
473 2936 526 2980 ob
558 2935 652 2980 eam
681 2949 784 2989 rem,
815 2934 850 2977 si
881 2934 982 2990 quid
1013 2934 1114 2978 usus
1144 2933 1318 2986 venerit,
