1904 3216
169 1019 247 1058 735

168 1691 248 1734 740

167 2218 246 2257 745

961 273 999 315 D
1009 287 1030 315 e
1038 287 1079 315 m
1089 287 1111 316 e
1121 287 1159 315 a.

1025 348 1060 390 Ο
1090 347 1113 390 J
1119 347 1298 402 uppstszr,

280 421 462 464 Istocine
491 421 617 476 pacto
649 423 844 476 oportet?

976 495 1139 538 Micio.

851 570 959 621 Quid
987 569 1141 612 faciam
1173 571 1379 625 amplius?

958 646 1157 688 Demea

281 718 390 770 Quid
419 717 576 761 facias?
607 719 643 761 si
672 734 757 762 non
787 720 882 774 ipsa
909 719 955 762 re
985 719 1094 762 istuc
1124 719 1201 762 tibi
1232 719 1359 772 dolet,
1743 721 1834 777 (15)

282 793 488 836 Simulare
519 793 632 836 certe
662 798 727 837 est
760 793 953 837 hominis.

975 868 1141 911 Micio.

958 943 1066 994 Quin
1096 943 1182 986 iam
1211 942 1412 998 virginem

280 1017 508 1071 Despondi‚
538 1017 606 1060 res
637 1017 870 1072 composita
900 1021 976 1070 est,
1006 1017 1118 1060 fiunt
1146 1017 1334 1072 nuptiae,

280 1092 453 1146 Dempsi
482 1097 641 1134 metum
672 1092 858 1135 omnem:
888 1092 994 1135 haec
1023 1092 1157 1147 magis
1189 1096 1288 1135 sunt
1316 1091 1508 1135 hominis.

962 1167 1159 1210 Demea.

1499 1240 1693 1284 Ceterum

279 1314 425 1358 Placet
453 1315 531 1358 tibi
560 1314 732 1368 factum,
763 1315 916 1358 Mici6‘?

975 1390 1141 1433 Micio.

918 1465 1026 1518 Non,
1059 1465 1094 1508 si
1124 1464 1278 1519 queam

279 1539 466 1582 Mutare:
498 1541 622 1593 nunc,
655 1554 749 1582 cum
781 1554 866 1583 non
897 1554 1018 1595 queo,
1051 1539 1187 1594 aequo
1219 1539 1359 1582 animo
1390 1538 1491 1582 fero.
1746 1539 1837 1595 (20)

279 1614 346 1656 Ita
375 1614 464 1657 vita
494 1618 558 1657 est
586 1614 816 1667 hominum,
849 1615 971 1670 quasi
1002 1629 1097 1657 cum
1127 1613 1250 1656 ludas
1281 1613 1470 1656 tesseris:

281 1688 325 1731 Si
354 1688 470 1742 illud,
503 1689 617 1744 quod
645 1689 844 1732 maxume
875 1704 980 1744 opus
1012 1694 1076 1732 est
1105 1689 1233 1742 iactu,
1264 1703 1349 1731 non
1381 1687 1507 1741 cadit,

279 1763 401 1817 Illud,
434 1764 548 1819 quod
578 1764 729 1807 cecidit
758 1763 878 1817 sorte,
910 1763 954 1807 id
985 1764 1076 1807 arte
1107 1767 1155 1806 ut
1185 1762 1381 1818 corrigas,

963 1839 1161 1882 Demea.

280 1912 521 1956 Convetor!
568 1914 720 1970 nempe
750 1918 826 1957 tua
858 1918 949 1957 arte
980 1914 1125 1969 vigint-i
1155 1912 1295 1955 minae

278 1987 360 2031 Pro
390 1988 571 2042 psaltria
599 1989 773 2043 periere,
805 1989 915 2043 quae
947 1991 1153 2043 quantum
1182 1987 1324 2042 potest
1744 1987 1835 2041 (25)

278 2062 430 2117 Aliquo
462 2063 688 2106 abiciunda
718 2067 794 2116 est,
827 2063 862 2106 si
892 2078 975 2106 non
1006 2062 1156 2117 pretio,
1189 2062 1347 2118 gratiis.

975 2137 1139 2180 Micio.

278 2211 424 2267 Neque
454 2216 530 2265 est,
562 2226 699 2267 neque
728 2212 845 2255 illam
875 2226 978 2255 sane
1009 2211 1158 2255 studeo
1189 2210 1380 2254 vendere.

956 2287 1075 2329 Dom
1090 2300 1158 2329 ea.

279 2361 387 2413 Quid
416 2361 543 2417 igitur
572 2361 725 2404 faiciet'?

976 2435 1139 2478 Micio.

754 2509 878 2552 Domi
909 2509 1000 2552 erit.

958 2584 1159 2626 Demea.

1026 2657 1104 2700 Pr6
1135 2657 1275 2700 divum
1306 2657 1449 2700 fidem!

278 2732 477 2775 Meretrix
509 2737 551 2776 et·
580 2733 718 2776 mater
746 2731 930 2776 famih'as
962 2747 1047 2775 una
1075 2732 1119 2774 in
1150 2732 1302 2776 domo?

975 2806 1139 2850 Micio.

279 2880 363 2923 Cur
393 2883 504 2924 non?
