1904 3216
866 116 1146 159 -34—

563 656 864 720 ACTUS
922 656 1448 721 SECUNDUS.

950 792 1064 802 m

897 899 1054 944 Soena
1083 899 1119 944 1.
1632 902 1783 958 (III‚1)

628 988 934 1032 Sostrata.
1055 990 1382 1034 Canthara.

878 1115 905 1157 S
915 1130 939 1158 o
949 1130 969 1158 s
977 1120 996 1158 t
1003 1130 1025 1158 r
1033 1121 1085 1159 at
1094 1131 1131 1159 a.

226 1189 423 1239 Obsecro.
454 1203 550 1233 mea
580 1189 737 1241 nutrix,
778 1189 879 1244 quid
909 1205 1024 1233 nunc
1053 1191 1125 1234 fiet
1133 1191 1153 1232 ἒ)

867 1264 898 1306 C
911 1278 937 1308 a
945 1279 973 1306 n
983 1264 1038 1307 th
1046 1279 1072 1308 a
1080 1279 1102 1306 r
1110 1279 1147 1307 a.

1174 1338 1284 1390 Quid
1312 1338 1401 1390 fiat,
1431 1339 1583 1394 rogas?

224 1413 354 1457 Recte
385 1413 534 1469 edepol
565 1413 700 1468 spero.

880 1486 1136 1530 Sostrata.

716 1560 842 1603 Modo
874 1561 1052 1613 dolores,
1083 1575 1179 1604 mea
1208 1566 1267 1613 tu,
1300 1562 1514 1616 occipiunt
1542 1560 1782 1615 primulum.

867 1635 1144 1678 Canthara.

113 1714 193 1752 290
223 1710 315 1754 Iam
345 1724 458 1753 nunc
489 1711 631 1763 times,
672 1710 794 1764 quasi
826 1723 1056 1764 numquam
1089 1709 1291 1763 adfueris,
1329 1723 1561 1765 numquam
1590 1710 1682 1753 tute
1711 1723 1784 1765 pe-

1310 1784 1483 1839 pereris.

878 1859 1136 1902 Sostrata.

224 1934 422 1978 Miseram
460 1948 545 1986 me,
593 1933 801 1976 neminem
839 1934 995 1981 habeo,
1035 1933 1150 1976 solae
1189 1947 1350 1979 sumus,
1392 1932 1502 1975 Geta
1526 1934 1681 2009 ‘autem
1717 1931 1787 1975 hic

1309 2021 1393 2050 non
1425 2006 1559 2059 adest,

224 2083 262 2125 N
264 2096 311 2127 ec
327 2088 403 2137 est,
426 2098 551 2139 quem
569 2084 623 2127 ad
637 2083 907 2126 obstetricem
927 2082 1108 2134 mittam,
1132 2096 1208 2124 nec
1221 2082 1294 2136 qui
1311 2081 1509 2125 adeersat
1518 2080 1784 2124 Aeschinum.

867 2156 1145 2201 Canthara.

224 2232 300 2275 Pol
315 2234 350 2275 is
367 2232 535 2288 quidem
551 2233 637 2275 iam
654 2232 721 2274 hie
734 2231 882 2282 aderit,
895 2232 995 2274 nam
1013 2245 1246 2286 numquam
1263 2245 1392 2274 unum
1408 2229 1651 2274 intermittit
1659 2228 1784 2281 diem,

225 2307 334 2359 Quin
364 2321 530 2363 semper
558 2306 712 2350 veniat.

877 2379 1134 2423 Sostrata.

774 2454 897 2498 Solus
927 2454 1118 2497 mearum
1150 2457 1216 2497 est
1244 2453 1510 2496 miseriamm
1538 2451 1783 2496 remedium.

871 2528 1144 2571 Canthara.

112 2604 190 2643 295
222 2592 258 2646 E
287 2616 333 2646 re
363 2603 469 2646 nata
498 2603 647 2646 melius
676 2602 770 2645 fieri
800 2602 907 2645 haut
936 2603 1075 2657 potuit
1105 2601 1234 2657 quam
1263 2601 1423 2644 factum
1453 2605 1529 2652 est,
1561 2600 1648 2653 era,

223 2677 402 2729 Quando
431 2677 579 2720 vitium
611 2676 801 2720 oblatum
833 2680 909 2729 est,
942 2676 1056 2731 quod
1087 2676 1142 2719 ad
1171 2675 1291 2719 illum
1322 2674 1489 2719 adtinet
1506 2674 1784 2729 potissimum,

223 2751 380 2804 Talem,
412 2751 489 2795 tali
519 2752 686 2806 ingenio
718 2756 847 2806 atque
879 2750 1033 2803 animo,
1065 2754 1214 2794 natum
1245 2764 1297 2794 ex
1315 2750 1440 2793 tanta
1459 2747 1633 2792 familia.
1695 2748 1784 2804 (10)

877 2824 1133 2868 Sostrata.

224 2900 289 2942 Ita
319 2900 389 2955 pol
420 2901 483 2942 est
515 2905 560 2943 ut
590 2900 709 2942 dicis:
742 2900 880 2943 salvos
910 2899 1032 2943 nobis
1062 2898 1163 2943 deos
1193 2911 1352 2953 quaeso
1383 2903 1432 2941 ut
1465 2897 1558 2941 siet.
