1904 3216
123 707 203 746 355

122 1077 203 1115 360

121 1599 199 1639 365

121 2492 201 2530 370

881 389 1038 435 Saena
1067 388 1154 435 111.
1636 392 1727 447 (111,
1749 394 1794 450 3)

747 493 975 534 Demea.
1094 491 1291 548 Syrus.

915 629 1112 670 Demea.

235 703 436 759 Disperii:
469 702 766 758 Ctesiphonem
797 702 939 745 audivi
967 702 1099 744 filium

234 778 333 821 Una
363 776 548 820 adfuisse
577 778 621 819 in
650 776 845 831 raptione
877 791 970 819 cum
1003 776 1221 820 Aeschino.

234 851 283 893 Id
312 851 464 894 misero
495 851 631 894 restat
660 851 762 892 mihi
791 850 905 902 mali,
938 851 973 892 si
1002 850 1120 893 illum
1149 851 1302 906 potest,

235 925 314 976 Qui
345 925 469 968 alicui
500 926 561 968 rei
592 929 668 977 est,
702 925 829 967 etiam
863 939 957 967 eum
990 925 1044 967 ad
1075 926 1303 980 nequitiem
1336 926 1558 971 adducere.

228 999 318 1043 Ubi
349 1014 423 1055 ego
454 999 572 1042 illum
604 999 834 1054 quaeram?
866 999 989 1042 credo
1022 999 1252 1042 abductum
1281 1000 1324 1042 in
1355 1001 1536 1056 ganeum
1731 1005 1792 1059 (5)

234 1074 407 1129 Aliquo:
439 1073 651 1128 persuasit
680 1073 749 1116 ille
779 1073 968 1128 inpurus,
1001 1078 1070 1116 sat
1099 1074 1196 1116 scio.

235 1148 309 1191 Set
339 1162 482 1191 eccum
513 1147 663 1203 Syrum
695 1148 755 1190 ire
786 1147 923 1191 video:
954 1147 1040 1189 iam
1070 1147 1168 1191 hino
1199 1148 1326 1201 scibo,
1359 1149 1430 1192 ubi
1461 1149 1552 1193 siet.

234 1222 364 1278 Atqui
392 1222 533 1265 hercle
563 1222 630 1265 hic
661 1221 712 1265 de
743 1236 866 1278 grege
895 1221 966 1265 illo
998 1227 1079 1264 est:
1111 1222 1146 1264 si
1176 1238 1242 1266 me
1274 1223 1452 1267 senserit

233 1298 343 1340 Eum
373 1296 627 1352 quaeritare,
660 1311 893 1352 numquam
923 1296 1036 1340 dicet
1067 1295 1279 1340 carnufex.

234 1371 328 1415 Non
360 1371 581 1415 ostendam
612 1371 655 1413 id
685 1385 752 1414 me
782 1371 900 1415 velle.

924 1445 1098 1501 Syrus

1086 1520 1262 1563 Omnem
1292 1534 1381 1563 rem
1410 1520 1535 1564 modo
1567 1521 1670 1571 seni,
1701 1523 1791 1578 (10)

234 1595 324 1647 Quo
353 1600 480 1651 paeto
511 1595 700 1646 haberet,
734 1593 982 1638 enarramus
1013 1593 1172 1637 ordine.

233 1670 303 1713 Nil
333 1671 560 1726 quicquam
589 1670 675 1712 vidi
704 1669 868 1713 laetius.

912 1743 1111 1786 Demea.

875 1817 956 1861 Pro
986 1816 1188 1872 Iuppiter,

232 1892 425 1937 Hominis
456 1893 693 1938 stultitiam.

926 1965 1093 2021 Syrus.

709 2039 991 2084 Conlaudavit
1019 2039 1170 2082 filium:

232 2115 348 2168 Mihi,
380 2115 452 2171 qui
481 2115 525 2158 id
555 2114 765 2159 dedissem
797 2114 1029 2168 consilium,
1062 2114 1147 2169 ogit
1175 2114 1347 2169 gratias.

910 2190 1108 2232 Demea.

232 2264 493 2320 Disrumpor.

926 2328 1093 2394 Syrus

508 2401 740 2468 Argentum
772 2412 1066 2455 adnumeravit
1094 2412 1208 2456 ilico:
1700 2413 1791 2467 (15)

232 2487 360 2530 Dedit
388 2487 611 2542 praeterea
640 2489 683 2530 in
715 2492 929 2542 sumptum
960 2486 1178 2529 dimidium
1208 2486 1360 2530 minae.

231 2561 280 2604 Id
310 2562 581 2605 distributum
613 2576 716 2605 sane
747 2566 811 2604 est
841 2562 892 2604 ex
923 2561 1146 2604 sententia.

911 2636 1110 2678 Demea

1158 2709 1278 2757 Hem,

232 2785 340 2828 Huic
369 2785 558 2838 mandes,
590 2786 625 2829 si
655 2785 756 2841 quid
785 2789 900 2828 recte
931 2785 1124 2827 curatum
1155 2783 1268 2827 velis.

925 2859 1093 2914 Syrus

231 2933 378 2986 Ehem,
410 2934 581 2985 Demea.
613 2933 718 2976 haut
749 2933 997 2988 aspexeram
1029 2936 1089 2975 te:
1121 2931 1222 2987 quid
1252 2931 1416 2986 agitur?
