1904 3216
89 1058 168 1098 215

88 2031 169 2071 220

90 2847 169 2886 225

1658 0 1709 17 bf*
1725 0 1841 26 .‘'›U'4⁴Z¹v-⁷»⁷q3⁴‘
1856 0 1904 27 {72

1725 39 1727 42 .
1774 28 1795 50 a:
1879 24 1904 54 ,ᾖ

837 121 1117 163 -24-

875 232 1081 276 Sannio.

1039 307 1281 363 Numquam
1311 309 1395 351 vidi
1425 310 1610 364 iniquius

199 383 485 426 Certationem
516 383 821 438 comparatam,
853 395 981 437 quam
1011 382 1117 425 haec
1146 383 1271 426 hodie
1300 384 1411 427 inter
1440 399 1518 428 nos
1547 383 1639 428 fuit.

198 457 274 500 Ille
303 457 566 500 verberando
597 471 672 512 ego
702 456 945 512 vapulando
976 470 1110 512 usque
1141 457 1265 511 ambo
1296 457 1448 502 defessi
1479 459 1635 502 sumus.
1695 462 1757 515 (5)

895 531 1065 587 Syrus.

199 607 290 651 Tua
320 606 456 662 culpa.
1734 649 1755 669 ο

880 679 1085 724 Sannio.

471 754 580 806 Quid
610 753 821 798 facerem?

893 828 1062 886 Syrus

839 904 1110 947 Adulescenti
1139 918 1300 948 morem
1329 905 1494 961 gestum
1523 905 1722 961 oportuit.

875 978 1083 1022 Sannio.

201 1053 281 1104 Qui
309 1052 430 1109 potui
459 1052 622 1106 melius,
654 1068 701 1096 os
732 1053 804 1108 qui
834 1068 968 1109 usque
997 1053 1123 1098 hodie
1150 1054 1356 1110 praebui?

894 1127 1062 1184 Syrus

1211 1193 1310 1259 Age,
1343 1203 1423 1247 scis
1453 1203 1555 1259 quid
1583 1203 1763 1259 loquar?

200 1275 429 1320 Pecuniam
459 1277 503 1319 in
533 1277 625 1321 loco
656 1277 875 1333 neglegere
903 1291 1150 1321 maxumum
1179 1278 1392 1322 interdum
1423 1282 1488 1322 est
1515 1278 1691 1322 lucrum.

876 1351 1083 1396 Sannio.

1663 1427 1761 1471 Hui.

892 1501 1063 1558 Syrus

198 1575 424 1628 Mestuisti,
456 1575 491 1618 si
522 1590 634 1619 nunc
665 1575 717 1618 de
746 1579 820 1620 tuo
851 1576 942 1620 iure
973 1576 1252 1620 concessisses
1282 1576 1502 1632 paululum
1534 1576 1664 1631 atque

198 1650 471 1694 Adulescenti
502 1650 614 1694 esses
644 1651 936 1706 morigeratus,
969 1651 1187 1695 hominum
1217 1651 1342 1695 homo
1373 1651 1633 1704 stultissime,
1672 1650 1762 1706 (10)

198 1725 262 1769 Ne
292 1740 377 1770 non
408 1725 486 1769 tibi
516 1726 626 1771 istuc
654 1725 907 1771 faeneraret.

877 1801 1085 1845 Sannio.

946 1877 1034 1932 Ego
1065 1891 1182 1933 spem
1211 1876 1348 1932 pretio
1378 1889 1464 1920 non
1494 1875 1600 1919 emo.

894 1951 1065 2008 Syrus

200 2027 443 2084 Numquam
472 2041 562 2071 rem
592 2026 740 2071 facies:
772 2027 855 2082 abi,
886 2027 1078 2071 inescare
1108 2026 1245 2070 nescis
1274 2026 1478 2078 homines,
1509 2023 1681 2070 Sannio.

875 2101 1082 2146 Sannio.

201 2176 336 2220 Credo
366 2177 475 2220 istuc
505 2177 655 2220 melius
686 2190 794 2220 esse:
826 2176 972 2220 verum
1002 2191 1078 2232 ego
1109 2190 1342 2231 numquam
1363 2175 1470 2218 adeo
1492 2175 1660 2217 astutus
1688 2172 1762 2226 fui,

201 2252 309 2304 Quin
340 2251 541 2309 quicquid
570 2252 751 2307 possem,
782 2251 954 2295 mallem
982 2251 1124 2307 potius
1156 2250 1321 2295 auferre
1351 2250 1395 2293 in
1426 2248 1683 2305 praesentia.

894 2326 1067 2383 Syrus.

200 2403 288 2459 Age
325 2403 421 2447 novi
457 2405 578 2445 tuum
610 2402 814 2445 animum:
851 2402 976 2457 quasi
1012 2401 1098 2445 iam
1128 2401 1357 2457 quicquam
1397 2399 1474 2443 tibi
1504 2398 1589 2442 sint
1618 2398 1765 2454 viginti

1286 2474 1440 2528 minae,
1672 2474 1764 2529 (15)

202 2553 313 2596 Dum
332 2551 431 2596 huic
446 2551 694 2606 obsequare.
727 2550 956 2595 Praeterea
975 2550 1119 2593 autem
1139 2554 1182 2594 te
1203 2550 1324 2594 aiunt
1342 2548 1550 2605 proficisci
1567 2547 1762 2604 Cyprum.

879 2624 1086 2669 Sannio.

1640 2696 1760 2740 Hem.

895 2767 1064 2824 Syrus

201 2845 414 2889 Coemisse
456 2845 555 2888 hinc
594 2859 703 2901 quae
749 2843 849 2887 illuc
888 2842 1061 2886 veheres
1100 2841 1255 2894 multa,
1296 2854 1445 2884 navem
1491 2839 1762 2884 conductam:

1286 2916 1366 2959 hoc
1397 2915 1497 2968 scio,

202 2993 378 3037 Animus
407 2994 485 3038 tibi
513 2993 682 3050 pendet.
727 2992 808 3037 Ubi
836 2991 964 3045 illinc,
996 2991 1132 3047 spero,
1162 2990 1350 3044 redieris,
1381 2995 1526 3035 tamen
1548 2988 1629 3033 hoc
1649 2986 1762 3044 ages.
