1904 3216
138 421 217 459 375

133 1239 214 1277 380

131 1757 210 1795 385

127 2795 207 2835 390

890 185 947 190 .,
1003 158 1059 200 46
1116 183 1171 189 ,-

927 271 1125 313 Demea.

251 346 359 397 Quid
389 345 566 401 agatur?
597 345 783 388 vostram
813 358 976 399 nequeo
1007 345 1154 388 mirari
1184 346 1288 388 satis

250 420 486 465 Rationem.

944 493 1110 549 Syrus

507 568 585 610 Est
614 567 753 610 hercle
783 567 940 622 inepta,
972 568 1025 610 ne
1057 568 1194 610 (licam
1225 567 1334 620 (1010,
1367 569 1495 623 atque

247 642 455 685 Absurda.
515 642 656 684 Pisces
688 641 848 684 ceteros
879 656 1026 696 purga,
1059 642 1228 684 Dromo.

249 718 458 771 Congrum
488 717 615 759 istum
646 716 891 758 maxumum
921 716 965 757 in
997 731 1110 771 aqua
1142 717 1267 759 sinito
1298 716 1442 759 ludere

247 792 487 846 Tantisper:
518 791 591 833 ubi
622 805 696 845 ego
727 791 905 843 rediero,
938 791 1222 834 exossabitur:

246 866 368 909 Prius
397 866 508 908 nolo.

926 941 1124 983 Demea.

517 1015 706 1059 Haecine
735 1015 908 1070 flagitia.

941 1089 1111 1145 Syrus

917 1163 975 1205 Mi
1006 1163 1175 1218 quidem
1206 1178 1291 1206 non
1321 1162 1492 1218 placent

245 1237 301 1280 Et
330 1237 465 1280 clamo
496 1238 635 1292 saepe.
697 1237 966 1281 Salsamenta
995 1238 1113 1290 haec,
1146 1237 1389 1293 Stephanffi,

245 1311 332 1354 Fac
361 1311 632 1355 macerentur
660 1312 818 1366 pulcre.

926 1387 1123 1430 Demea.

833 1462 886 1503 Di
916 1466 1103 1505 vostram
1132 1460 1277 1504 fidem!

244 1535 397 1578 Utrum
427 1534 622 1578 studione
652 1534 696 1576 id
726 1535 806 1577 sibi
835 1535 976 1588 habet,
1010 1536 1065 1577 an
1095 1536 1212 1579 laudi
1241 1536 1366 1591 putat

242 1610 363 1662 Fore,
396 1610 430 1652 si
459 1609 692 1664 perdiderit
721 1611 923 1664 gnatum?
953 1610 1044 1652 Vae
1074 1611 1227 1653 misero
1257 1611 1377 1653 mihi!

242 1684 396 1727 Videre
426 1684 570 1726 videor
598 1685 683 1726 iam
715 1683 825 1726 diem
856 1684 986 1736 illum,
1020 1699 1114 1727 cum
1143 1685 1240 1727 hinc
1271 1685 1397 1739 egens

243 1758 459 1813 Profugiet
489 1758 630 1813 aliquo
661 1758 901 1801 militatum.

937 1833 1107 1889 Syrus

921 1907 956 1949 Ο
987 1907 1159 1958 Demea,

241 1980 357 2023 Istuc
387 1984 451 2023 cst
481 1981 643 2035 sapere,
676 1996 772 2033 11011,
805 1981 919 2036 quod
951 1981 1051 2024 ante
1081 1981 1210 2036 pedes
1240 1981 1365 2024 modo
1398 1981 1474 2031 est,

242 2054 408 2108 Videre,
441 2054 505 2097 set
536 2056 663 2099 etiam
693 2055 780 2108 illa,
813 2056 922 2110 quae
952 2055 1098 2099 futura
1128 2057 1239 2107 sunt,

240 2128 498 2184 Prospicere.

923 2205 1118 2247 Demea.

514 2277 648 2329 Quid?
678 2278 811 2321 istaec
839 2278 925 2320 iam
955 2278 1086 2332 penes
1115 2293 1188 2321 vos
1219 2278 1397 2333 psaltria
1428 2278 1520 2321 est?

937 2351 1104 2408 Syrus

239 2426 378 2469 Ellam
407 2426 534 2469 intus.

920 2500 1119 2543 Demea.

537 2562 630 2617 Eho
660 2587 716 2617 an
746 2578 811 2616 est
840 2573 954 2617 domi
983 2574 1233 2618 habiturus?

930 2647 1101 2704 Syrus

1258 2722 1405 2774 Credo,
1437 2726 1483 2764 ut
1514 2722 1579 2765 est

240 2795 474 2838 Dementia.

919 2871 1118 2912 Demea

490 2945 676 2987 Haecine
707 2945 825 2987 fieri?

1718 350 1808 403 (20)

1714 1163 1805 1217 (25)

1713 1686 1803 1737 (30)

1710 2723 1800 2778 (3⁵)
