1904 3216
81 782 161 821 230

81 1156 160 1195 235

80 1751 160 1790 240

81 2277 159 2316 245

831 95 885 101 ..
944 71 999 114 26
1057 96 1110 102 ,-

870 183 1077 227 Sannio.

193 257 413 313 Nusquam
443 257 611 311 pedem:
643 258 749 313 perii
778 258 936 302 hercle:
965 257 1048 301 hae
1078 259 1138 301 illi
1168 274 1242 314 spe
1271 260 1350 303 hoe
1379 260 1640 316 inceperunt.

885 332 1056 388 Syrus

191 480 320 523 Inieci
351 480 594 535 scrupulum
624 481 794 524 homini.

867 555 1070 599 Sannio.

802 630 836 672 O
868 629 1040 673 scelera.
1101 630 1205 673 Illuc
1240 630 1345 682 vide,

192 704 251 747 Ut
279 704 322 746 in
353 704 444 759 ipso
476 704 656 747 articulo
687 705 913 759 oppressit:
946 705 1115 759 emptae
1144 705 1343 748 mulieres

194 778 439 833 Complures
471 779 514 821 et
542 779 643 822 item
673 779 771 822 111110
802 779 899 831 alia,
932 779 1041 834 quae
1070 783 1194 834 porto
1226 779 1422 834 Cyprum.

194 852 284 895 Nisi
314 868 362 896 eo
394 853 449 896 ad
479 854 713 896 mercatum
743 854 878 906 venio,
910 853 1113 896 damnum
1144 858 1208 896 est
1237 854 1495 896 maxumum.

192 927 315 970 Nune
345 928 379 969 si
409 928 489 970 hoe
520 928 668 971 omitto
701 943 751 971 ae
781 933 872 971 tum
904 942 1027 982 agam
1059 928 1130 970 ubi
1160 927 1276 970 illinc
1304 927 1481 979 rediero,

192 1002 307 1045 Nihil
337 1007 413 1055 est,
444 1001 655 1045 refrixerit
683 1017 750 1045 res
786 1002 932 1046 »Nunc
962 1002 1130 1045 demum
1160 1002 1304 1044 venis?

194 1077 278 1120 Cur
306 1077 484 1132 passus?
515 1077 587 1120 ubi
618 1078 764 1120 erasi&
800 1077 858 1120 Ut
888 1077 943 1119 sit
973 1076 1106 1119 satius
1136 1076 1326 1132 perdere,

194 1151 329 1203 Quam
360 1155 435 1194 aut
465 1166 577 1194 nune
607 1152 779 1195 manere
809 1152 986 1203 tamdiu,
1019 1153 1093 1194 aut
1123 1156 1213 1194 tum
1242 1151 1451 1206 persequi.

887 1226 1058 1282 Syrus

191 1301 344 1343 Jamne
375 1301 633 1344 enumerasti
662 1301 717 1354 id,
750 1301 865 1356 quod
895 1301 950 1343 ad
980 1305 1023 1343 te
1052 1300 1287 1342 rediturum
1317 1299 1469 1354 putes?

872 1375 1085 1418 Sannio.

193 1450 354 1493 Hocine
384 1449 456 1492 illo
487 1450 659 1504 dignum
691 1450 782 1492 est?
812 1450 962 1492 hocine
992 1449 1178 1504 incipere
1207 1449 1490 1492 Aeschinum?

193 1524 274 1567 Per
303 1524 618 1579 oppressionem
650 1528 697 1566 ut
725 1524 837 1567 hane
866 1525 924 1566 mi
954 1525 1116 1579 eripere
1145 1523 1359 1578 postulet?

885 1598 1055 1655 Syrus.

191 1675 404 1718 Labascit.
466 1661 607 1717 Unum
637 1674 717 1717 hoc
747 1673 903 1717 habeo:
934 1674 1029 1716 vide
1060 1674 1095 1716 si
1125 1673 1229 1716 satis
1258 1672 1412 1727 placet.

191 1749 338 1792 Potius
369 1763 498 1804 quam
528 1748 673 1791 venias
702 1749 746 1790 in
776 1748 994 1803 periclum,
1027 1748 1199 1798 Sannio,

193 1823 396 1866 Servesne
427 1838 482 1865 an
513 1822 666 1878 perdas
698 1826 848 1876 totum,
880 1823 1095 1865 dividuum
1125 1822 1231 1864 face.

191 1898 330 1941 Minas
362 1898 506 1941 (1000111
538 1897 742 1940 conradet
773 1897 979 1940 alicunde.

869 1971 1076 2014 Sannio.

1006 2046 1057 2088 Ei
1087 2045 1202 2088 mihi.

192 2122 334 2164 Etiam
364 2121 416 2164 de
447 2121 560 2165 sorte
590 2135 703 2164 1111110
732 2121 852 2164 venio
884 2121 928 2162 in
959 2120 1133 2163 dubium
1165 2118 1317 2162 miser?

191 2195 328 2239 Pudet
357 2196 442 2238 nil‘?
473 2196 617 2239 omnes
648 2196 797 2239 dentes
826 2194 1025 2239 labefecit
1053 2194 1168 2245 mihi,

192 2271 422 2314 Praeterea
452 2270 640 2326 celaphis
670 2270 794 2314 tuber
825 2270 889 2313 est
918 2273 1056 2313 totum
1087 2269 1228 2324 caput,

191 2346 333 2389 Etiam
363 2345 537 2401 insuper
566 2344 788 2389 defrudet?
818 2344 1038 2399 Nusquam
1071 2343 1189 2387 abeo.

891 2418 1057 2473 Syrus

1213 2490 1270 2532 Ut
1297 2489 1427 2532 lubet.

192 2568 409 2625 Numquid
437 2569 511 2621 vis,
543 2567 645 2622 quin
676 2567 855 2610 abeam?

871 2639 1072 2683 Sannio.

1603 407 1751 452 Timet.

1662 484 1752 538 (20)

1663 1004 1753 1058 (2⁵)

1664 1525 1753 1579 (30)

941 2713 1074 2756 Immo
1104 2713 1244 2755 hercle
1273 2711 1355 2755 11όο
1383 2726 1555 2766 quaeso,
1587 2710 1703 2767 Syre,

193 2792 252 2835 Ut
282 2797 329 2834 ut
358 2792 465 2834 haee
494 2795 594 2833 sunt
624 2790 734 2842 acta,
766 2789 907 2844 pot-ius
937 2786 1066 2842 (111ῑῖ111
1096 2787 1182 2829 litis
1212 2785 1378 2841 sequar,

193 2865 332 2908 Meum
366 2865 467 2908 mihi
497 2863 713 2916 reddatur,
745 2863 895 2906 saltem
928 2861 1076 2917 quanti
1108 2866 1252 2916 empta
1282 2865 1357 2912 est,
1390 2860 1504 2916 Syre.

1661 2786 1752 2841 (40)
