1904 3216
870 127 1181 170 -124-

943 240 1107 284 Micio.

249 314 363 370 Syre,
394 314 639 369 processisti
667 314 792 358 hodie
821 313 982 369 pulcre.

926 389 1123 432 Demea.

995 462 1039 506 Si
1069 463 1238 518 quidem
1267 463 1406 518 porro,
1437 464 1575 517 Micio,

138 542 218 580 980
249 538 311 580 Tu
340 542 460 580 tuum
492 536 675 580 officium
704 536 834 580 facies
865 538 994 593 atque
1023 538 1121 582 huic
1151 537 1312 595 aliquid
1340 539 1515 594 paulum
1543 553 1648 595 prae
1677 540 1808 583 manu

248 612 437 664 Dederis,
469 611 580 655 {inde
611 615 768 665 utatur,
800 612 950 656 reddet
978 613 1055 655 tibi
1085 613 1180 655 cito.

946 687 1108 731 Micio.

1208 749 1320 806 Istoc
1350 761 1484 805 vilius.

873 836 1178 879 Aeschinus.

248 909 376 964 Frugi
405 910 531 952 homo
563 909 638 952 est.

251 971 255 975 ’
947 984 1114 1040 Syrus

655 1058 846 1101 Reddam
875 1059 1033 1102 hercle:
1065 1058 1122 1101 da
1150 1058 1288 1102 modo.

876 1133 1179 1176 Aeschinus.

1162 1208 1247 1263 Age
1277 1207 1413 1262 pater.

946 1282 1111 1326 Micio.

1324 1356 1427 1400 Post
1456 1356 1685 1400 consulam.
1717 1358 1807 1414 (25)

927 1432 1125 1475 Demea.

247 1505 407 1548 Faciet.

942 1580 1113 1636 Syrus.

442 1643 476 1700 O
507 1657 570 1698 vir
599 1660 783 1711 optume.

876 1730 1177 1773 Aeschinus.

798 1790 832 1848 O
862 1809 986 1860 pater
1015 1805 1073 1847 mi
1102 1803 1393 1847 festivissume.

946 1879 1110 1923 Micio.

249 1955 358 2006 Quid
387 1956 524 1999 istuc?
555 1955 671 2006 Quae
701 1969 769 1998 res
799 1959 887 1998 ‘tam
918 1954 1094 2010 repente
1123 1969 1262 1998 mores
1291 1953 1471 1996 imitavit
1499 1951 1623 1995 tuos?

138 2028 216 2067 985
249 2029 371 2082 Quod
399 2031 652 2086 prolubium,
685 2045 795 2085 quae
825 2031 957 2073 istaec
989 2029 1131 2072 subita
1160 2033 1224 2072 est
1253 2028 1457 2084 largitas?

928 2105 1131 2147 Demea

1470 2177 1621 2220 Dicam
1648 2176 1744 2220 tibi:

249 2256 308 2299 Ut
337 2255 381 2298 id
411 2253 691 2306 ostenderem,
723 2253 838 2308 quod
867 2257 909 2296 te
940 2253 1010 2296 isti
1038 2252 1205 2296 facilem
1235 2256 1278 2295 et
1305 2251 1499 2295 festivom
1527 2251 1695 2307 putant,
1809 2246 1817 2250 ’

247 2330 298 2372 Id
328 2344 413 2373 non
442 2329 536 2371 fieri
566 2343 618 2371 ex
647 2342 747 2371 vera
777 2328 865 2370 vita
894 2342 1030 2382 neque
1062 2327 1168 2371 adeo
1200 2327 1252 2370 ex
1282 2341 1418 2380 aequo
1449 2331 1493 2369 et·
1521 2326 1646 2380 bon6,
1719 2326 1810 2382 (30)

250 2403 324 2447 Set
353 2419 405 2446 ex
436 2403 714 2454 adsentando,
746 2402 1002 2457 indulgendo
1034 2406 1077 2444 et
1104 2401 1337 2456 largiendo,
1369 2400 1505 2443 Micio.

248 2478 371 2521 Nunc
402 2478 508 2521 adeo
539 2478 574 2520 si
604 2477 657 2520 ob
689 2491 783 2519 eam
812 2491 901 2519 rem
923 2476 1039 2519 161115
1069 2491 1165 2519 mea
1185 2477 1273 2518 vita
1302 2475 1450 2527 invisa,
1481 2474 1700 2527 Aeschine,
1731 2473 1809 2527 est,

138 2554 218 2594 990
250 2553 358 2605 Quia
387 2567 471 2595 11011
502 2553 627 2603 iusta,
658 2552 818 2594 iniusta
846 2550 1018 2605 prorsus
1050 2551 1192 2593 omnia
1221 2549 1391 2592 6111111110
1422 2548 1644 2604 obsequor,

249 2628 381 2671 Missa
409 2627 536 2670 facio:
569 2625 784 2678 effundite,
817 2625 955 2678 emite,
986 2624 1113 2667 facite
1144 2625 1257 2680 quod
1287 2624 1404 2668 vobis
1432 2622 1563 2666 lubet.

251 2702 334 2745 Sed
364 2702 399 2744 si
429 2702 472 2744 id
503 2701 625 2744 voltis
654 2701 809 2755 potius,
841 2699 951 2754 quae
983 2714 1054 2743 vos
1084 2703 1259 2754 propter
1289 2696 1620 2741 adulescentiam
1719 2697 1809 2751 (35)

250 2776 390 2819 Minus
420 2775 583 2828 videtis,
615 2775 749 2829 magis
779 2774 954 2829 inpense
984 2773 1149 2829 cupitis,
1182 2772 1399 2816 consulitis
1428 2772 1594 2827 parum,

253 2850 372 2894 Haec
401 2849 710 2906 reprehendere
741 2852 784 2892 et
813 2849 1021 2904 corrigere
1050 2862 1129 2900 me,
1161 2846 1450 2891 obsecundare
1480 2846 1523 2888 111
1552 2844 1658 2898 loco,

139 2926 218 2964 995
250 2925 419 2979 Eccere,
451 2925 522 2981 qui
553 2924 596 2967 id
625 2923 778 2968 faciam
809 2923 938 2966 vebis.
