1904 3216
838 125 1120 168 ..70-

875 238 1078 282 Demea

470 311 561 364 Em,
593 311 695 367 quid
724 311 907 355 narras?

890 386 1060 442 Syrus

875 460 941 502 En
971 464 1019 503 ut
1049 461 1217 504 discidit
1245 462 1425 506 labrfim.
1666 468 1756 522 (20)

874 535 1076 578 Demea

87 604 168 645 560
200 608 509 661 Quamobrem?

897 683 1061 738 Syrus

402 757 469 799 Me
499 757 713 811 inpulsore
743 758 854 800 hanc
885 757 1071 812 emptam
1103 773 1194 802 esse
1225 760 1296 802 ait.

875 833 1074 875 Demea.

1074 907 1167 950 Non
1198 913 1245 951 tu
1276 909 1370 951 eum
1402 924 1475 953 rus
1505 910 1604 954 hinc
1631 911 1756 955 modo

198 980 392 1025 Produxe
424 979 571 1023 aibas?

896 1055 1064 1111 Syrus

538 1129 735 1172 Factum:
767 1129 911 1172 verum
941 1130 1056 1173 venit
1083 1130 1181 1185 pest
1210 1131 1437 1175 insaniens.

197 1203 266 1245 Nil
295 1203 495 1258 pepercit.
555 1203 650 1246 Non
680 1204 880 1259 puduisse
910 1204 1134 1248 verberare
1164 1205 1377 1249 hominem
1408 1207 1577 1250 senem?

198 1278 330 1330 Quem
361 1292 436 1334 ego
467 1278 591 1321 medo
621 1293 799 1333 puerum
829 1279 1045 1322 tantillum
1075 1280 1117 1322 in
1149 1280 1346 1324 manibus
1375 1282 1536 1337 gestavi
1565 1282 1670 1325 meis
1680 1284 1701 1323 ἱ)

876 1354 1078 1397 Demea.

197 1427 359 1480 Laudo,
392 1427 603 1482 Ctesipho,
634 1428 858 1482 patrissas:
891 1428 974 1481 abi,
1006 1430 1140 1472 vii-sim
1170 1434 1212 1473 te
1239 1430 1391 1474 iudice.
1667 1432 1758 1486 (25)

894 1502 1062 1559 Syrus

85 1575 164 1615 565
196 1576 394 1620 Laudas?
424 1577 477 1620 ne
506 1577 576 1620 ille
608 1577 840 1620 continebit
868 1578 1060 1632 posthac,
1093 1579 1128 1621 si
1158 1579 1307 1634 sapiet,
1338 1579 1502 1622 mansis.

874 1654 1082 1696 Demea.¹

195 1726 393 1771 Fortiter.

890 1803 1060 1859 Syrus

399 1875 623 1931 Perquam,
656 1878 757 1931 quia
786 1877 985 1920 miseram
1016 1877 1236 1920 mulierem
1268 1877 1310 1920 et
1338 1892 1406 1920 me
1437 1877 1661 1930 servoh'un,

197 1949 276 2001 Qui
304 1949 476 1994 referire
506 1965 590 1994 non
622 1952 846 2006 audebam,
876 1953 997 1996 vicit:
1028 1953 1113 2006 hfii,
1144 1952 1398 2008 perfortiter.

873 2028 1075 2070 Demea.

195 2099 346 2142 Melius
376 2099 461 2142 nen
490 2101 647 2155 potuit:
679 2101 802 2154 idem,
835 2101 947 2157 qued
969 2116 1057 2157 ego,
1090 2103 1221 2145 sensit
1240 2102 1283 2144 te
1304 2116 1396 2144 esse
1416 2101 1513 2144 huie
1532 2101 1756 2156 1·eicap1'1t.

198 2173 271 2217 Set
300 2178 420 2218 estne
448 2174 581 2218 frater
609 2176 750 2218 intus?

889 2250 1057 2307 Syrus

739 2325 831 2368 Neu
864 2329 940 2368 est.

874 2400 1076 2443 Demea

940 2474 1022 2517 Ubi
1052 2474 1169 2518 illum
1200 2474 1411 2518 inveniam
1443 2475 1591 2530 cogite.
1663 2476 1753 2530 (30)

888 2549 1060 2605 Syrus.

83 2620 164 2660 570
196 2621 303 2675 Scio,
335 2622 407 2666 ubi
437 2623 503 2675 sit,
537 2638 680 2666 verum
711 2624 834 2666 hodie
866 2625 1097 2678 nsunquam
1128 2624 1387 2667 monstrabo.

872 2699 1073 2741 Demea.

1324 2771 1444 2824 Hem,
1476 2771 1578 2826 quid
1609 2772 1700 2814 ais?

887 2848 1055 2902 Syrus

1674 2919 1753 2962 lta.
