1904 3216
921 106 1203 150 -95-

918 307 1075 352 Seena
1103 306 1190 351 IX.
1709 302 1777 360 (V,
1798 304 1839 359 1)

793 399 989 454 Syrus.
1107 397 1334 439 Demea.

981 523 1147 579 Syrus.

281 602 455 657 Edepol,
488 601 663 657 Syrisce,
695 604 736 642 te
767 599 926 642 ‹zm-asti
954 598 1137 641 molliter

282 678 501 731 Lauteque
532 677 684 718 munus
716 674 1024 717 administrasti
1053 673 1182 715 tuom.

171 758 251 796 765
284 752 376 794 Abi.
423 755 487 794 set
515 754 742 805 postquam
775 749 888 790 intus
919 764 1010 790 sum
1043 748 1228 790 omnium
1258 759 1399 788 rerum
1431 745 1562 797 satur,

281 824 640 869 Prodeambulare
671 824 753 866 hue
783 823 949 865 libitum
981 827 1056 864 est.

960 898 1164 939 Demea.

1056 959 1160 1013 Illue
1191 970 1247 1012 sis
1277 968 1370 1010 vide

283 1050 533 1104 Exemplum
565 1048 825 1103 disciplinae.

982 1120 1150 1176 Syrus.

840 1185 950 1239 Eece
981 1199 1123 1238 autem
1153 1194 1220 1235 hie
1252 1192 1374 1235 adest
1781 1188 1843 1244 (5)

285 1274 423 1318 Senex
453 1277 608 1316 noster.
670 1272 779 1323 Quid
808 1271 883 1314 fitz>
914 1270 1015 1326 quid
1044 1274 1092 1312 tu
1124 1284 1167 1311 es
1198 1268 1358 1311 tristis?

969 1347 1167 1388 Demea.

1361 1415 1426 1458 Oh
1456 1413 1604 1458 scelus.

983 1494 1152 1551 Syrus

287 1576 389 1628 Ohe,
421 1575 525 1617 iam:
556 1578 603 1616 tu
632 1573 763 1615 verba
791 1571 932 1614 fundis
962 1570 1031 1612 hie
1065 1566 1302 1623 sapientia?

966 1645 1166 1687 Demea.

174 1725 256 1765 770
287 1724 350 1768 Tu
377 1724 413 1767 si
442 1738 561 1766 meus
592 1722 717 1765 esses.

979 1793 1150 1849 Syrus

724 1869 799 1912 Dis
830 1868 1000 1923 quidem
1031 1867 1156 1918 esses,
1189 1863 1362 1916 Demea,

287 1950 348 1992 Ao
378 1953 495 1991 tuam
525 1962 614 1990 rem
645 1944 970 1988 constabilisses

965 2018 1165 2060 Demea

965 2081 1171 2146 Exemplo
1202 2087 1396 2132 omnibus

290 2173 491 2216 Curarem
523 2176 571 2215 ut
601 2171 725 2214 esses.

985 2240 1156 2296 Syrus.

766 2315 1076 2368 Quamobrem?
1106 2313 1215 2365 Quid
1241 2311 1348 2355 foci?

971 2391 1173 2433 Demea.

1337 2458 1503 2514 Roga'ls‘?
1759 2455 1849 2511 (10)

292 2546 342 2589 Iu
370 2546 466 2601 ipsa
494 2544 622 2587 turba
653 2547 780 2598 atque
810 2541 852 2583 in
883 2538 1060 2595 peccato
1092 2535 1303 2586 maxumo,

293 2621 414 2673 Quod
444 2619 512 2662 vix
541 2617 737 2661 sedatum
768 2616 872 2658 satis
903 2618 980 2667 est,
1011 2612 1182 2667 potasti,
1214 2609 1362 2661 seems,

181 2702 261 2741 775
295 2695 425 2747 Quasi
454 2708 500 2737 re
529 2693 636 2736 bene
666 2691 797 2746 gesta.

990 2760 1159 2817 Syrus.

824 2837 935 2880 Sane
966 2835 1119 2879 uellem
1150 2835 1261 2876 hunc
1292 2832 1462 2876 exitum.
