1904 3216
115 754 196 794 500

117 1207 196 1246 505

122 1735 203 1773 510

860 125 1143 168 -60-

223 238 414 281 Fuimus:
446 238 742 294 paupertatem
773 252 859 281 una
887 237 1138 292 pertulimus
1167 237 1349 293 gravem.

225 313 491 368 Quapropter
520 313 646 365 nitar,
676 312 843 365 faciam,
875 311 1081 366 experiar,
1112 311 1292 368 denique

226 387 422 430 Animam
450 386 688 442 relinquam
716 387 858 441 potius
887 400 1015 441 quam
1046 385 1140 429 illas
1171 386 1375 429 deseram.

227 461 335 512 Quid
364 461 465 503 mihi
494 461 752 516 respendes‘?

904 534 1101 576 Demea.

769 608 961 651 Fratrem
992 608 1250 662 cenveniam‚
1282 608 1426 665 Hegie.

918 682 1089 737 Hegio.

228 757 314 810 Set,
345 758 517 810 Demea,
548 757 627 800 hec
658 761 705 799 tu
734 756 863 800 facito
895 771 988 799 cum
1022 757 1162 800 animo
1194 757 1368 813 cogites:

228 832 363 883 Quam
392 846 466 875 vos
494 830 708 874 facillume
739 831 874 886 agitis,
906 831 1033 886 quem
1065 832 1165 875 estis
1194 833 1391 875 maxume

229 906 440 958 Potentes,
473 906 594 959 dites,
626 905 844 958 f01tuneti‚
876 905 1050 958 nobiles,

229 981 332 1023 Tam
361 980 558 1023 maxume
588 995 661 1024 vos
692 995 827 1035 aequo
859 980 999 1022 animo
1031 979 1169 1035 aequa
1198 981 1371 1025 noscere

229 1055 419 1110 Oportet,
451 1055 486 1097 si
517 1070 589 1098 vos
619 1055 742 1098 voltis
771 1054 983 1110 perhiberi
1012 1054 1180 1109 probes.

907 1130 1106 1172 Demea.

229 1205 397 1248 Redito:
428 1203 546 1257 fient,
578 1204 668 1247 fieri
698 1218 806 1259 quae
838 1203 1018 1258 aequom
1049 1207 1124 1256 est,
1157 1204 1310 1246 omnia.

922 1277 1094 1332 Hegio.

231 1354 363 1396 Decet
392 1357 434 1396 te
462 1352 612 1396 facere.
675 1353 796 1406 Geta,
828 1352 910 1395 duc
938 1366 1006 1395 me
1036 1352 1147 1396 intro
1178 1353 1234 1396 ad
1265 1353 1515 1396 Sostratam.

909 1427 1108 1470 Demea.

231 1502 325 1545 Non
355 1517 422 1545 me
452 1501 665 1545 indicente
693 1502 799 1544 haec
827 1502 946 1544 fiunt.
988 1488 1162 1545 Utinam
1192 1502 1260 1545 hic
1290 1502 1344 1544 sit
1373 1501 1498 1544 mode

232 1576 503 1620 Defunctum:
534 1576 678 1619 verum
708 1576 839 1619 nimia
868 1576 990 1620 illaec
1019 1576 1192 1620 licentia

233 1651 424 1695 Profecto
455 1651 606 1707 evadet
636 1652 678 1693 in
710 1651 882 1706 aliqued
910 1665 1111 1706 magnum
1142 1650 1311 1693 malum.

233 1727 308 1772 Ibo
340 1742 390 1771 ac
419 1726 633 1782 requiram
663 1725 852 1779 fratrem,
884 1731 930 1769 ut
960 1726 1002 1768 in
1034 1740 1130 1769 eum
1159 1725 1265 1769 haec
1294 1725 1496 1768 evomem.

1686 242 1777 296 (50)

1689 761 1781 815 (55)

1694 1207 1784 1261 (60)

1699 1726 1789 1780 (65)
