1904 3216
860 51 1139 94 ..28-

111 166 192 205 250
223 161 318 205 Scio
347 166 390 205 te
420 177 505 206 non
536 162 718 206 antehac
747 177 871 207 usum
901 163 1092 208 amicitia
1118 166 1231 210 meai:

223 236 452 280 Memorem
482 252 550 281 me
580 237 694 281 dices
725 252 817 281 esse
847 241 890 281 et
923 238 1103 294 gratum.

916 311 1087 368 Syrus.

1135 387 1289 432 Sedulo

223 460 410 513 Faciam,
442 464 507 503 set
538 459 834 515 Ctesiphonem
865 461 1006 505 video:
1037 461 1175 506 laetus
1206 463 1271 506 est

224 535 287 578 De
317 535 466 578 amica.

903 610 1107 654 Sannio.

496 683 617 738 Quid,
650 683 764 740 quod
793 688 837 728 te
866 685 967 728 oro‘?

922 758 1090 815 Syrus

970 833 1191 889 Pasilisper
1218 834 1356 879 mane.
1693 839 1783 895 (45)

881 1005 1039 1050 Saena
1067 1006 1122 1050 V.
1649 1008 1720 1064 (Π,
1742 1010 1786 1064 3)

696 1091 1005 1146 Ctesipho.
1123 1091 1319 1149 Syrus.

873 1206 1133 1261 Ctesipho.

224 1280 311 1323 Abs
342 1280 477 1335 quivis
507 1280 689 1333 homine,
722 1294 817 1323 cum
848 1284 913 1323 est
943 1281 1061 1336 opsis,
1092 1280 1342 1324 beneficium
1373 1281 1566 1337 accipere
1585 1282 1787 1338 gaudeas,

112 1362 192 1403 255
225 1354 382 1399 Verum
424 1355 535 1398 enim
572 1369 671 1399 vero
701 1355 745 1398 id
776 1354 944 1398 demum
974 1355 1110 1408 iuvat,
1155 1356 1190 1399 si
1227 1370 1352 1411 quem
1383 1360 1607 1412 aequomst
1634 1356 1788 1412 fecere,

1308 1431 1345 1474 is
1374 1431 1483 1475 bene
1511 1430 1627 1475 facit.

225 1504 259 1547 Ο
290 1503 423 1548 frater
451 1504 596 1558 frater,
628 1504 730 1560 quid
761 1518 835 1560 ego
867 1505 910 1548 te
940 1519 1053 1548 nunc
1082 1505 1280 1549 laudem?
1311 1504 1425 1548 Setis
1455 1510 1570 1550 certo
1601 1506 1711 1550 scio:

224 1579 466 1636 Numquam
504 1580 567 1624 ita
604 1579 826 1635 magnifice
863 1580 1091 1636 quiequam
1131 1579 1291 1633 dicam,
1335 1579 1379 1622 id
1415 1579 1550 1624 virtus
1585 1581 1689 1637 quin
1718 1595 1788 1626 su-

1307 1658 1430 1710 peret
1457 1654 1546 1699 tufi..

223 1730 375 1786 Itaque
418 1743 549 1774 unam
584 1730 696 1774 hanc
731 1729 821 1774 rem
859 1744 925 1774 me
964 1729 1123 1774 habere
1158 1729 1331 1786 praeter
1366 1729 1474 1773 alias
1512 1729 1789 1786 praecipuam

1311 1803 1507 1857 arbitror,
1724 1806 1787 1861 (5)

224 1879 418 1923 Fratrem
448 1878 608 1923 homini
638 1879 796 1923 nemini
826 1893 918 1924 esse
945 1879 1179 1935 primarum
1207 1879 1363 1923 artifim
1383 1878 1518 1935 magis
1536 1877 1785 1935 principem.

921 1954 1088 2011 Syrus

113 2038 194 2077 260
227 2027 262 2071 O
294 2027 505 2084 Ctesipho.

881 2103 1141 2158 Ctesipho.

498 2164 532 2220 Ο
565 2176 679 2234 Syre,
712 2178 944 2222 Aeschines
975 2178 1048 2221 ubi
1078 2178 1169 2222 est?

924 2252 1093 2309 Syrus

1109 2326 1247 2370 Ellum
1278 2330 1320 2370 te
1350 2325 1548 2382 expectat
1577 2325 1701 2370 domi.

874 2401 1135 2456 Ctesipho.

1663 2472 1783 2517 Hem.

919 2548 1090 2606 Syrus

226 2626 335 2678 Quid
363 2627 455 2670 est?

874 2697 1133 2753 Ctesipho.

410 2775 518 2827 Quid
549 2774 629 2818 sit?
658 2759 776 2817 I'llius
806 2787 948 2828 opera,
980 2770 1095 2828 Syre,
1126 2785 1239 2814 nunc
1268 2771 1378 2814 vivo:
1418 2770 1611 2814 festivom
1641 2770 1782 2826 capuit,

226 2850 360 2900 Quinc
390 2850 533 2893 omni-lt
563 2849 643 2892 sibi
672 2848 938 2904 post-putavit
966 2860 1056 2890 esse
1087 2845 1190 2901 prae
1220 2859 1313 2889 meo
1344 2844 1577 2897 commodo,
