1904 3216
830 125 883 131 ..
941 100 995 143 38
1054 125 1109 132 -

192 195 462 258 Adulescenti
491 214 572 269 ipsi
602 214 806 268 eriperem
836 212 997 256 oeulos:
1027 213 1205 268 posthac
1233 213 1508 268 praeeipitem
1539 214 1697 259 darem.

194 289 364 332 Ceteros
393 303 577 339 ruerem,
625 301 810 342 agerem,
849 286 1062 340 raperem,
1101 286 1319 330 funderem
1351 287 1393 330 et
1421 290 1744 343 prosternerem.

81 366 162 404 320
193 361 277 405 Sed
306 362 422 406 cesso
455 376 571 404 eram
601 361 680 404 hoc
710 360 821 403 malo
851 359 1054 415 inpertire
1082 362 1287 416 propere?

842 432 869 476 S
880 450 904 477 o
913 449 932 476 s
942 438 988 476 tr
998 439 1050 477 at
1059 449 1095 477 a.

1208 509 1477 563 Revocemus,
1510 510 1631 554 Geta.

897 582 934 625 G
943 587 1037 625 eta.

1626 658 1745 701 Hem.

193 731 389 786 Quisquis
419 730 476 784 es,
509 731 597 774 sine
627 745 706 773 me.

845 803 872 845 S
883 818 907 846 o
918 819 936 846 s
948 808 995 846 tr
1005 810 1055 847 at
1065 819 1101 846 a.

666 878 753 932 Ego
785 893 876 921 sum
909 877 1114 921 Sostrata.

900 952 993 995 Get
1002 967 1038 994 a.

971 1027 1054 1070 Ubi
1085 1042 1136 1070 ea
1166 1028 1256 1070 est?
1287 1027 1342 1070 Te
1373 1025 1520 1082 ipsam'
1542 1028 1747 1084 quaerite.

193 1100 250 1143 Te
280 1104 447 1156 expeto:
480 1100 634 1156 oppido
665 1103 900 1156 opportune
931 1106 972 1144 te
1004 1101 1194 1144 obtulisti
1223 1103 1280 1144 mi
1311 1102 1488 1145 obviam.

192 1174 290 1218 Era.

844 1249 870 1291 S
881 1265 904 1293 o
915 1265 934 1292 s
945 1254 1098 1292 trata.

278 1324 387 1375 Quid
416 1324 505 1367 est?
537 1324 639 1379 quid
667 1324 855 1379 trepidas
864 1326 884 1365 ἶ)

897 1398 933 1440 G
942 1414 964 1440 e
972 1403 991 1441 t
1001 1413 1037 1440 a.

829 1474 880 1515 Ei
911 1473 980 1515 mi.

840 1547 867 1590 S
879 1563 932 1591 os
942 1552 1096 1590 trata.

957 1622 1064 1672 Quid
1093 1622 1281 1669 festinas.v
1314 1623 1370 1665 mi
1402 1622 1537 1665 Getis?
1659 1624 1749 1678 (⁶25)

194 1696 389 1739 Animam
420 1697 570 1751 recipe.

901 1770 937 1812 G
948 1786 970 1814 e
980 1775 998 1813 t
1007 1786 1044 1813 a.

600 1846 777 1888 Prorsus

848 1919 875 1962 S
886 1934 910 1962 o
921 1934 940 1962 s
949 1924 995 1962 tr
1005 1934 1031 1962 a
1038 1923 1096 1962 ta.

803 1993 911 2045 Quid
940 1993 1049 2036 istuc
1077 2007 1250 2048 prorsus
1282 1993 1379 2049 ergo
1409 1997 1473 2036 est
1482 1993 1502 2034 *Ρ

900 2067 937 2109 G
947 2083 969 2111 e
978 2072 996 2110 t
1005 2081 1042 2110 a.

1531 2141 1749 2184 Per-fimus.

84 2217 164 2256 325
196 2216 349 2260 Actum
380 2221 455 2260 est.

847 2289 873 2332 S
883 2305 907 2333 o
919 2306 938 2332 s
947 2295 965 2332 t
972 2305 994 2332 r
1002 2294 1098 2334 ata.

467 2364 659 2419 Loquere
690 2378 799 2418 ergo,
832 2364 1005 2407 obsecro
1036 2369 1090 2418 te,
1123 2365 1223 2420 quid
1253 2365 1319 2407 sit.

901 2439 938 2481 G
951 2453 973 2481 e
982 2444 1000 2481 t
1008 2454 1046 2481 a.

1266 2513 1290 2555 J
1295 2513 1376 2556 itm.

848 2586 1102 2629 Sostrata.

1366 2660 1473 2713 Quid
1492 2660 1591 2714 iam,
1615 2661 1752 2705 Geni?

903 2734 941 2777 G
950 2739 998 2778 et
1006 2749 1044 2778 a.

197 2807 441 2852 Aeschinus.
