1904 3216
159 318 236 356 675

154 1091 233 1129 680

150 1715 227 1754 685

147 2087 226 2126 690

145 2461 222 2500 695

907 125 1190 168 ..84—

269 237 390 281 Illinc
418 239 592 292 veniret,
625 239 946 294 expectantem?
975 240 1105 292 Haec,
1135 239 1195 282 mi
1223 239 1358 295 pater,
1733 243 1823 298 (40)

269 312 326 356 Te
355 313 493 357 dicere
525 313 704 368 aequom
735 313 813 357 fuit
844 319 886 357 et
916 314 960 356 id
989 314 1224 358 defendere.

962 405 1125 449 Micio.

267 479 522 523 Ridiculum:
553 479 810 523 adversusne
840 479 957 522 illum
989 481 1161 524 causam
1192 481 1386 534 dicerem,

268 554 345 598 Cui
375 569 572 598 veneram
603 554 860 598 advocatus?
892 554 965 597 Set
995 555 1097 610 quid
1126 555 1181 608 id,
1213 555 1431 608 Aeschine,

265 629 449 673 Nostra?
479 633 555 672 aut
584 629 685 684 quid
715 629 835 672 nebis
866 644 959 672 cuin
990 630 1099 673 illis?
1131 630 1346 673 abeamus.
1407 630 1516 681 Quid
1546 630 1637 673 est?

266 705 375 756 Quid
404 702 643 748 lacrumas?

891 779 1190 822 Aeschinus.

650 852 789 905 Pater,
821 852 1008 906 obsecro,
1040 853 1244 896 ausculta.

962 940 1125 982 Micio.

1119 1014 1341 1066 Aeschine,
1374 1013 1514 1057 audivi
1545 1013 1699 1067 omnie,
1732 1016 1821 1071 (45)

263 1087 320 1130 Et
348 1087 433 1131 scie
464 1102 564 1131 nam
596 1092 640 1130 te
670 1102 783 1131 amo:
815 1089 898 1144 que
928 1089 1075 1144 magis,
1107 1103 1217 1144 quae
1249 1089 1349 1143 agis,
1381 1089 1508 1131 curae
1538 1094 1638 1132 sunt
1666 1089 1782 1132 mihi.

890 1175 1186 1218 Aeschinus.

262 1248 331 1292 Ita
359 1248 482 1292 velim
511 1263 578 1291 me
608 1249 918 1304 promerentem
950 1265 1077 1303 ames,
1109 1250 1209 1292 dum
1241 1250 1369 1303 vivas,
1400 1250 1457 1292 mi
1485 1250 1621 1305 pater,

261 1324 322 1367 Ut
349 1339 415 1367 me
445 1324 525 1368 hoc
545 1323 744 1367 delictum
775 1324 994 1368 admisisse
1024 1325 1068 1367 in
1098 1339 1178 1378 me,
1210 1324 1253 1367 id
1281 1325 1384 1367 mihi
1410 1325 1679 1369 vehementer
1706 1324 1821 1369 dolet

260 1398 317 1441 Et
344 1413 413 1442 me
442 1399 504 1442 tui
534 1399 677 1454 pudet.

956 1486 1119 1529 Micio.

684 1560 818 1604 Credo
848 1561 1006 1604 hercle:
1038 1575 1138 1604 nam
1167 1561 1380 1615 ingenium
1411 1561 1507 1604 novi
1536 1562 1652 1605 tuem

259 1636 473 1680 Liberale:
505 1639 570 1678 set
599 1636 745 1678 vereer
775 1650 828 1678 ne
856 1635 1080 1690 indiligens
1110 1636 1286 1677 nimium
1316 1635 1409 1678 sies.
1727 1637 1817 1692 (50)

260 1712 308 1754 In
339 1725 425 1766 qua
455 1711 624 1754 civitate
654 1710 828 1753 tandem
858 1715 901 1753 te
933 1710 1142 1753 arbitrare
1172 1709 1337 1753 vivere?

257 1786 473 1842 Virginem
503 1785 673 1837 vitiasti,
706 1784 834 1840 quam
865 1788 906 1827 te
938 1799 1022 1827 non
1052 1785 1117 1827 ius
1148 1783 1288 1828 fuerat
1316 1784 1504 1840 tangere.

257 1860 349 1903 Iam
368 1860 551 1915 primum
571 1859 615 1902 id
635 1864 857 1914 peccatum
877 1860 1091 1914 insignum,
1119 1874 1319 1915 magnum
1341 1863 1387 1902 at
1405 1859 1638 1902 humanum
1658 1859 1816 1903 tamen.

257 1935 412 1978 Fecere
443 1935 514 1977 ahi
545 1949 672 1989 saepe
701 1934 803 1976 item
833 1933 944 1976 boni.
1004 1934 1060 1975 At
1088 1938 1317 1989 postQuam
1347 1933 1391 1976 id
1421 1933 1571 1986 evenit,
1602 1933 1719 1987 cede,

255 2009 472 2065 Numquid
503 2008 827 2063 circumspexti‘?
858 2012 933 2050 aut
962 2008 1169 2063 numquid
1198 2013 1289 2051 tute
1319 2008 1536 2063 prespexti
1566 2007 1656 2061 tibi,
1726 2008 1817 2064 (55)

258 2084 367 2135 Quid
395 2084 542 2127 fieret?
573 2098 659 2139 qua
687 2083 836 2126 fieret?
866 2083 901 2125 si
932 2086 974 2125 te
1004 2083 1063 2125 mi
1092 2083 1230 2137 ipsum
1259 2083 1412 2137 puduit
1441 2082 1649 2138 proloqui,

258 2158 351 2210 Qua
378 2159 675 2202 resciscerem?
706 2157 823 2200 Haec
852 2157 951 2200 dum
983 2156 1166 2210 debitas,
1196 2171 1362 2200 menses
1394 2156 1592 2200 abierunt
1619 2156 1777 2201 decem.

256 2233 486 2277 Prodidisti
515 2237 558 2276 et
586 2237 629 2276 te
660 2235 703 2275 et
731 2231 848 2274 issam
877 2232 1076 2274 miseram
1104 2236 1147 2275 et
1173 2236 1361 2286 gnatum,
1399 2231 1543 2286 quoad
1576 2231 1620 2274 in
1650 2235 1694 2276 te
1722 2230 1814 2275 fuit.
1845 2235 1849 2240 ”

257 2307 366 2360 Quid
395 2307 625 2350 credebas?
655 2306 881 2351 dormienti
909 2306 1015 2349 haec
1046 2306 1123 2349 tibi
1153 2305 1417 2349 confecturos
1448 2305 1575 2350 deos?

254 2383 311 2425 Et
339 2382 457 2426 illam
478 2382 568 2425 sine
588 2385 664 2424 tua
685 2395 816 2436 opera
845 2381 888 2423 in
910 2380 1147 2423 cubiculum
1173 2381 1223 2422 iri
1245 2380 1472 2423 deductum
1494 2380 1693 2424 domum?
1723 2381 1814 2435 (60)

254 2457 393 2500 Nolim
425 2457 660 2500 ceterarum
690 2455 830 2498 rerum
862 2459 904 2497 tc
935 2455 1150 2498 socerdem
1183 2455 1327 2498 eodem
1360 2455 1497 2497 mode.

255 2532 374 2575 Bono
405 2532 546 2575 animo
578 2531 634 2574 es.
695 2532 833 2574 Duces
863 2530 1049 2572 uxerem.

883 2615 1182 2659 Aeschinus

1001 2690 1121 2733 Heln.

952 2777 1013 2819 Mi
1023 2792 1043 2818 (-
1054 2776 1112 2818 io.

1135 2850 1253 2893 Bono
1285 2849 1426 2892 animo
1457 2848 1514 2901 es,
1545 2848 1732 2904 inquam.
