1904 3216
852 149 1135 192 -32-

842 261 1144 306 Aeschinus.

214 332 303 388 Ego
325 332 381 376 ad
399 332 537 376 forum
558 334 640 387 ibo,
663 338 711 377 ut
730 334 843 378 huno
863 336 1098 380 absolvam:
1129 341 1178 381 tu
1196 338 1309 382 intro
1332 338 1387 382 ad
1407 338 1538 393 illam,
1561 340 1773 398 Ctesipho.

927 411 1134 456 Sannio.

216 482 330 538 Syre,
362 482 486 526 insta.

912 560 1080 616 Syrus

485 631 664 675 Eamus:
695 646 879 688 namque
909 634 977 678 hic
1005 636 1209 691 properat
1237 636 1281 678 in
1313 637 1508 693 Cyprum.

890 708 1096 754 Sannio.

1380 786 1443 830 Ne
1471 791 1561 831 tam
1590 788 1773 843 quidem.

215 855 412 907 Quamvis
442 855 571 898 etiam
602 870 753 899 maneo
785 857 944 901 otiosus
974 859 1054 902 hic.

909 932 1084 989 Syrus

1044 1008 1280 1053 Reddetur:
1310 1024 1364 1054 ne
1394 1011 1507 1054 time.
1684 1012 1775 1068 (15)

890 1081 1096 1128 Sannio.

102 1156 184 1195 280
214 1154 271 1197 At
300 1158 348 1198 ut
377 1169 502 1198 omne
532 1155 698 1199 reddat.

909 1232 1076 1290 Syrus

690 1306 824 1351 Omne
853 1307 1019 1351 reddet:
1050 1312 1146 1353 tace
1174 1308 1300 1353 modo
1333 1309 1383 1352 ac
1412 1323 1587 1365 sequere
1616 1308 1710 1354 hac.

894 1382 1100 1428 Sannio.

1601 1458 1774 1516 Sequor.

865 1532 1124 1589 Ctesipho.

213 1603 342 1658 Heus,
373 1604 491 1658 heus,
523 1604 637 1661 Syre.

908 1681 1076 1739 Syrus.

486 1754 595 1806 Quid
626 1756 716 1799 est?

865 1831 1124 1887 Ctesipho.

618 1905 802 1949 Obsecro
823 1909 866 1949 te
885 1906 1039 1960 hercle,
1061 1907 1275 1950 hominem
1294 1907 1423 1951 istum
1443 1907 1775 1963 impurissimum

214 1979 348 2031 Quam
377 1979 561 2035 primum
592 1980 856 2034 absolvitote‚
888 1981 954 2034 ne,
969 1982 1022 2033 ‚si
1051 1982 1185 2037 magis
1214 1981 1415 2025 inritatus
1447 1981 1538 2035 siet,

212 2054 367 2111 Aliqua
388 2054 444 2098 ad
463 2058 631 2111 patrem
650 2055 731 2099 hoo
749 2061 973 2111 permanet
989 2056 1118 2112 {itque
1134 2071 1210 2112 ego
1226 2061 1327 2100 tune
1343 2057 1548 2113 perpetuo
1564 2056 1774 2112 perierim.

911 2130 1080 2188 Syrus

213 2203 308 2248 Non
329 2204 419 2247 fiet:
441 2204 552 2249 bono
574 2206 716 2249 animo
738 2220 799 2249 es:
822 2210 870 2249 tu
891 2221 986 2249 cum
1007 2206 1081 2249 ina
1099 2210 1140 2250 te
1156 2206 1270 2249 intus
1288 2205 1454 2250 6b1ecta
1469 2205 1639 2250 interim
1683 2206 1775 2262 (20)

101 2287 180 2325 285
213 2279 269 2321 Et
297 2279 475 2323 lectulos
505 2280 602 2323 iube
633 2281 765 2323 sterni
795 2280 916 2324 nobis
947 2284 990 2323 et
1019 2279 1165 2336 parari
1195 2280 1348 2324 cetera.

212 2354 300 2409 Ego
330 2355 416 2398 iam
446 2355 667 2398 transacta
696 2370 742 2398 re
774 2355 1018 2398 convortam
1049 2370 1117 2398 me
1147 2355 1317 2399 domum
1350 2370 1444 2399 cum
1476 2354 1663 2412 opsonio.

869 2429 1127 2485 Ctesipho.

212 2503 280 2547 Ita
310 2517 486 2560 quaeso:
519 2505 690 2559 quando
721 2504 801 2548 hoc
830 2504 937 2548 bene
969 2504 1182 2557 suecessit,
1213 2504 1391 2548 hilarem
1421 2505 1532 2548 hunc
1560 2505 1776 2548 sumamus

1303 2580 1425 2623 diem.
