1904 3216
889 62 1171 105 ,30-

251 172 492 226 Maledicta,
504 172 677 226 famam,
690 187 831 216 meum
847 174 1034 218 amorem
1051 180 1094 218 et
1107 180 1331 230 peccatum
1347 176 1390 218 in
1408 190 1452 219 se
1468 177 1699 221 transtulit.
1717 179 1808 235 (10)

250 246 319 289 Nil
348 251 449 302 pote
479 248 621 303 supra.
683 248 766 291 Sed
797 249 899 303 quid
929 248 1031 293 foris
1061 249 1252 304 crepuit?

942 323 1111 379 Syrus

1099 399 1238 451 Mane,
1269 413 1413 442 mane:
1446 400 1535 454 ipse
1566 401 1654 442 cxit
1680 400 1807 444 foras.

895 542 1053 586 Scena
1082 541 1164 586 VI.

466 614 766 657 Aeschinus.
829 614 1038 658 Sannio.
1099 615 1360 671 Ctesipho.
1421 615 1591 672 Syrus.

884 707 1184 750 Aeschinus.

138 777 218 815 265
251 778 335 821 Ubi
365 783 429 822 cst
458 779 528 823 ille
559 780 816 836 sacrilegus?

241 864 244 866 ·
931 855 1134 899 Sannio.

758 930 826 973 Me
856 931 1035 985 quaerit.
1096 931 1207 973 Num
1237 931 1442 986 quidnam
1472 930 1622 974 effert?
1651 931 1809 974 Occidi.

249 1003 318 1046 Nil
348 1004 480 1048 video.

875 1080 1184 1123 Aeschinus.

446 1154 591 1206 Ehem,
624 1154 880 1209 Opportune:
910 1159 953 1198 te
983 1156 1122 1210 ipsum
1152 1168 1329 1210 quaero:
1360 1154 1463 1210 quid
1491 1155 1552 1207 fit,
1585 1154 1811 1209 Ctesipho?

248 1229 298 1270 In
327 1232 420 1271 tuto
452 1234 516 1271 est
547 1228 682 1271 6mnis
713 1243 792 1282 res,
825 1230 973 1272 omitte
1003 1245 1101 1273 vero
1132 1229 1347 1272 tristitiem
1377 1229 1509 1272 tuam.

904 1304 1165 1360 Ctesipho.

248 1377 336 1433 Ego
374 1377 490 1421 illam
528 1378 626 1421 vero
665 1379 833 1431 omitto,
872 1379 945 1434 qui
983 1379 1154 1435 quidem
1183 1383 1226 1422 te
1255 1379 1438 1422 habeam
1467 1377 1660 1422 fratrem:
1700 1392 1725 1422 o
1754 1378 1813 1421 mi

1335 1453 1555 1506 Aeschine,

249 1527 283 1570 O
313 1528 372 1569 mi
401 1529 619 1583 germane:
651 1528 706 1571 ah
736 1543 883 1571 vereor
914 1529 1057 1571 coram
1086 1529 1130 1571 in
1162 1543 1208 1572 os
1235 1533 1279 1571 te
1298 1527 1474 1572 laudare
1496 1527 1689 1583 amplius,
1749 1529 1811 1583 (5)

61 1607 71 1616 ’
135 1608 216 1646 270
247 1601 312 1645 Ne
341 1602 385 1645 id
416 1602 671 1646 adsentandi
701 1604 848 1659 magis.
879 1616 1009 1658 quam
1033 1619 1117 1658 quo
1147 1603 1330 1647 habeam
1358 1607 1540 1658 gratum,
1570 1601 1712 1646 facere
1741 1616 1812 1645 ex-

1333 1677 1521 1721 istumes.

876 1752 1179 1795 Aeschinus.

245 1825 345 1881 Age,
376 1826 531 1881 inepte,
564 1827 687 1882 quasi
717 1841 830 1870 nunc
860 1841 946 1870 non
977 1827 1166 1870 norimus
1197 1841 1274 1870 nos
1303 1826 1416 1870 inter
1445 1841 1535 1879 nos,
1568 1824 1780 1880 Ctesipho.

248 1900 332 1943 Sed
360 1901 440 1945 hoc
470 1901 573 1943 mihi
603 1901 729 1954 dolet,
762 1916 839 1944 nos
869 1916 1005 1956 paene
1036 1901 1130 1944 sero
1161 1901 1290 1944 scisse
1317 1905 1360 1944 et
1380 1901 1424 1943 in
1445 1915 1542 1943 eum
1561 1914 1651 1943 rem
1670 1899 1811 1943 locum

246 1975 420 2019 Redisse
451 1980 500 2020 ut
529 1976 565 2019 si
595 1976 739 2019 omnes
770 1981 986 2031 cuperent,
1017 1975 1096 2018 tibi
1125 1975 1185 2017 nil
1215 1980 1391 2030 possent
1421 1973 1676 2018 auxiliarier.

902 2050 1159 2105 Ctesipho.

246 2124 452 2168 Pudebat.

878 2199 1180 2244 Aeschinus.

417 2261 494 2326 Ah,
516 2274 700 2317 stultitia
721 2279 785 2317 est
805 2275 950 2326 istaec,
973 2289 1057 2318 non
1079 2274 1233 2330 pudor:
1256 2279 1345 2316 tam
1367 2272 1420 2316 ob
1440 2270 1658 2327 parvolam
1719 2272 1809 2326 (10)

135 2351 213 2390 275
248 2348 352 2392 Rem
369 2363 505 2403 paene
522 2364 544 2391 c
560 2348 729 2403 patria?
746 2354 869 2403 turpe
886 2350 1013 2392 dictu.
1038 2350 1149 2391 Deos
1162 2362 1320 2403 quaeso
1330 2348 1377 2390 {it
1393 2347 1524 2390 istaec
1540 2344 1808 2402 prohibeant.

892 2423 1158 2478 Ctesipho.

244 2497 431 2542 Peccavi.

875 2572 1177 2615 Aeschinus.

450 2647 559 2698 Quid
590 2647 651 2690 ait
680 2647 854 2690 tandem
887 2646 1008 2690 ndbis
1039 2645 1227 2689 Sannio?

943 2720 1110 2777 Syrus

1257 2794 1352 2836 Jam
1384 2793 1497 2835 mitis
1528 2793 1603 2836 cst.
